2760 4890
568 320 824 402 comesurum.
1194 336 1253 398 nrt

141 532 215 572 nore
244 511 460 592 probabilitate
490 511 623 571 adiicere
656 513 730 572 lieet
762 489 825 570 Lac
850 513 967 570 Maeuia
998 505 1067 587 περὶ
1094 499 1258 585 εὐσεβείας;

143 624 343 696 Quinquatrus
373 615 441 698 περὶ
470 617 618 697 ἰατρικῆς,
635 618 718 677 ulie.
764 618 827 677 Sed
848 618 926 677 haee
947 638 1005 677 nee
1026 625 1097 675 ente
1118 605 1257 674 diss'imu·
1355 625 1360 638 ‘

141 730 205 788 levi
224 748 282 788 nec
299 746 380 786 nune
403 726 470 784 celo
491 725 550 783 nisi
570 717 716 783 stabilita
728 724 841 783 firmius
862 725 1006 783 universa
1028 722 1066 782 de
1086 712 1258 812 duplicibus

140 836 238 895 titulis
265 836 383 894 ratione
411 841 492 891 stare
524 849 585 887 non
612 849 713 908 posse.
764 831 813 890 De
837 835 974 889 Bimurco
1001 825 1068 908 rupi
1090 821 1260 909 ipsiusmet

144 941 233 1021 Ταφῇ
263 938 428 999 Μενίππου
455 932 523 1011 περὶ
552 932 759 1013 ououduppreiv
789 957 850 994 non
885 946 932 996 est
963 957 1043 995 nuno
1075 937 1155 1017 quod
1184 936 1258 996 adii·

144 1049 222 1106 ciam
248 1049 301 1120 iis,
329 1044 438 1127 quibus
465 1043 504 1102 ud
531 1062 583 1101 eas
606 1051 725 1103 saturas
744 1045 823 1103 haee
843 1043 1006 1103 Mereklini
1029 1041 1259 1120 conglutinandi
1301 1064 1306 1071 ·

144 1153 302 1231 conamina
336 1151 518 1211 examinavi.
575 1150 686 1230 Neque
722 1151 829 1209 melius
861 1149 899 1208 de
927 1139 1146 1230 Σεραπαρήκτῃ
1174 1130 1265 1207 ειιιῑηιι

103 1251 107 1257 ’
143 1258 216 1316 nnhi
246 1259 419 1336 opinionem
443 1255 598 1337 probavit:
633 1256 693 1314 nisi
718 1255 799 1335 quod
822 1272 933 1316 nornen
958 1255 1034 1315 illud
1068 1274 1105 1313 ex
1134 1253 1260 1314 Oehleri

142 1364 284 1422 machina
317 1365 488 1444 profectum
522 1382 570 1421 me
606 1384 667 1422 non
699 1362 795 1440 magis
827 1384 917 1442 quam
953 1351 1112 1422 Hertnium
1137 1358 1259 1418 Merek·

142 1470 297 1549 linumque
319 1479 479 1550 patronum
498 1467 600 1526 habet.
644 1469 762 1527 Nonius
781 1491 809 1548 p.
835 1481 894 1542 104,
917 1477 949 1531 27
974 1470 1020 1526 sie
1039 1464 1159 1526 scribit:
1183 1467 1258 1522 ‘Ee-

139 1579 260 1650 pulsim'
283 1581 388 1635 dictum
411 1597 428 1634 a
448 1577 599 1650 frequenti
614 1579 713 1648 pulsu.
756 1579 850 1635 Varro
874 1577 963 1633 Seru
981 1582 1153 1647 perecte:
1175 1572 1257 1645 ‘pur-

141 1692 239 1758 putum
270 1686 353 1751 scito,
388 1702 474 1756 quum
503 1683 602 1760 (quum
628 1679 747 1759 Iunius)
777 1686 881 1741 uidebis
909 1683 1018 1738 Romae
1043 1683 1073 1736 iu
1096 1664 1164 1751 fore
1192 1688 1259 1735 unte

142 1795 273 1848 iuuieuus
297 1790 443 1861 (lanienas
465 1786 639 1866 Turnebus)
660 1806 770 1860 pueros
786 1792 850 1861 pilu
872 1789 1015 1871 expulsim
1034 1790 1143 1843 ludere.
1181 1784 1259 1843 Inde

143 1872 288 1955 Hertzius
310 1896 422 1954 collato
442 1895 500 1952 hoc
523 1894 659 1953 eiusdem
677 1895 770 1954 Nonii
792 1895 859 1952 loco
881 1913 911 1970 p.
935 1899 984 1964 67,
1008 1902 1039 1952 11
1063 1892 1257 1949 ‘Purectutoe’

143 2005 187 2072 m‘,
226 2006 275 2075 qui
304 2007 339 2059 cle
370 2006 496 2074 pereritiu
521 2006 638 2060 ueniunt
659 2007 698 2061 ud
717 2006 915 2076 pubertatem:
954 2019 972 2055 α
996 2016 1103 2074 praeco
1124 2001 1259 2055 uocabulo

143 2116 295 2180 sumptum.
330 2111 456 2165 Lucilius
474 2112 518 2165 lib.
551 2111 646 2167 VIIII
664 2112 742 2168 ‘iude
761 2114 929 2183 perrectutee
950 2108 1114 2179 chlamydes
1136 2124 1171 2163 uc
1191 2109 1258 2163 bur·

126 2218 210 2280 vludu
235 2216 360 2287 primu'.
411 2215 489 2271 idem
520 2219 665 2274 u'ccsimo:
699 2218 795 2273 ‘tuum
828 2215 957 2288 efoebum
991 2216 1142 2287 quemdum
1174 2229 1257 2285 quem

143 2330 244 2377 uocuut
261 2322 457 2392 purectutouss'
511 2323 604 2379 Varro
628 2327 662 2380 de
682 2325 882 2403 compositione
900 2330 1086 2378 suturarum:
1101 2320 1258 2392 “parcetu-

144 2434 190 2482 tue
212 2430 327 2497 adsunt,
352 2429 510 2498 mulierque
529 2431 631 2485 mulier
653 2431 747 2486 Venus
764 2427 881 2501 cuput',
902 2426 961 2484 hoo
976 2426 1067 2502 igitur
1083 2432 1257 2504 comparato

143 2532 314 2590 testimonio
341 2532 485 2591 Hertzius
512 2533 557 2590 illi
585 2543 706 2593 saturae
735 2534 814 2592 hune
840 2532 972 2592 indicem
1000 2533 1071 2590 Sere
1090 2538 1259 2604 purectutoc

143 2637 362 2696 restituendum
385 2639 525 2696 coniecit.
570 2641 685 2698 Fateor
706 2661 754 2700 me
775 2648 938 2718 antequam
959 2639 1078 2697 Hertzii
1101 2657 1259 2697 censuram

144 2744 273 2820 cognovi
299 2745 330 2801 in
353 2742 481 2802 eandem
502 2747 699 2824 suspitionem
722 2746 883 2805 incidisse:
914 2745 996 2825 quod
1017 2765 1096 2816 nuno
1115 2763 1155 2803 ne
1179 2738 1274 2820 eom·-¹

90 2873 93 2878 ·
143 2870 341 2909 memorarem
364 2827 496 2930 quidem,
519 2853 578 2910 nisi
599 2852 680 2911 hune
704 2873 884 2913 eonsensum
904 2862 1044 2932 putarem
1066 2849 1182 2930 aliquid
1203 2837 1257 2907 ra·

141 2957 211 3016 lere·
236 2964 342 3015 contra
369 2955 538 3015 dissensum
565 2958 737 3018 Mereklini.
784 2960 844 3038 Qui
869 2959 952 3040 quod
979 2958 1037 3017 sibi
1059 2957 1168 3035 partim
1189 2955 1258 3013 lati·

142 3083 213 3122 nam
235 3064 345 3142 partim
367 3083 516 3140 graecam.
531 3064 759 3145 inscriptionem
783 3043 946 3147 displicere
971 3066 1059 3137 dicit,
1086 3083 1147 3122 non
1165 3060 1256 3120 video

48 3219 52 3223 ,
143 3189 196 3228 eur
219 3170 317 3229 Varro
343 3190 410 3228 eam
432 3192 555 3246 vocem,
586 3192 676 3251 quam
703 3174 733 3230 in
755 3172 808 3231 illo
833 3175 1002 3250 fragmento
1026 3170 1133 3229 mediis
1155 3165 1258 3227 verbis

141 3274 243 3334 latinis
261 3276 446 3349 immiscuit,
476 3299 537 3336 uon
566 3277 673 3337 eadem
702 3279 818 3339 ratione
840 3299 987 3357 usurpare
1010 3279 1039 3335 in
1062 3275 1260 3352 inscriptione

142 3383 283 3460 potuerit.
329 3381 392 3441 Sed
414 3391 516 3443 tamen
537 3406 576 3444 ne
600 3386 673 3465 quid
693 3386 889 3457 dissimulem,
913 3405 973 3442 non
993 3383 1103 3442 habeo.
1118 3379 1259 3461 equidem

141 3489 194 3568 qui
213 3489 300 3547 illum
321 3510 420 3548 meam
435 3491 614 3572 Hertziique
638 3494 859 3554 correctionem
876 3490 1050 3550 confirmem
1069 3508 1159 3567 quam
1175 3483 1258 3566 qirod

143 3602 174 3653 et
195 3595 289 3653 facile
308 3595 409 3674 prodit
432 3617 448 3656 e
471 3601 645 3678 corruptela
669 3609 699 3659 et
723 3598 890 3658 adhibitam
911 3597 984 3656 alibi
1005 3595 1183 3654 a'Varrone
1205 3611 1258 3650 vo-

143 3719 209 3758 cem
236 3702 451 3762 nanciscimur.
496 3705 539 3763 At
569 3727 636 3765 cum
656 3707 738 3765 illius
757 3705 874 3764 inventi
896 3722 956 3760 non
979 3701 1056 3760 adeo
1076 3711 1170 3759 tenax
1192 3700 1258 3769 sim,

141 3806 237 3866 nihilo
268 3815 370 3867 temen
397 3810 583 3889 probabilius
614 3813 752 3872 existimo
778 3809 1176 3872 Merelrlinieommentum:
1210 3809 1260 3866 Se-

47 3950 50 3955 ·
142 3933 233 3972 runo.-
256 3917 344 3972 Recte
360 3927 519 3992 purputum
544 3923 662 3979 scitne.
686 3939 714 3998 q.
735 3939 770 3992 s.,
793 3926 827 3976 ut
848 3918 906 3975 hoe
924 3936 1035 4001 norum
1058 3917 1260 3992 fragmentum

114 4008 183 4076 ‘ad
206 4024 345 4078 Serrrrurr
362 4028 432 4079 Περι
454 4031 634 4081 Arxrrrucruu
658 4023 794 4084 accedet.
838 4023 906 4082 Nee
933 4014 1013 4081 enim
1035 4041 1206 4101 comparem
1227 4021 1259 4078 in

144 4143 181 4183 ee
210 4127 421 4187 emendatione
450 4128 607 4188 lenitatem
635 4150 782 4207 agnosco,
818 4139 848 4189 et
870 4120 947 4188 recte
968 4129 1007 4188 ad
1031 4128 1126 4189 verba
1148 4129 1259 4188 Varro·
1361 4127 1364 4132 '

142 4231 190 4290 nis
213 4232 342 4290 relatum
364 4236 436 4309 mihi
456 4236 578 4316 quidem
600 4235 692 4294 valde
716 4234 869 4312 displicet.
1332 4236 1340 4247 '

229 4340 362 4398 Tantum
391 4348 438 4399 est
466 4340 547 4421 quod
573 4340 736 4400 Mereklini
765 4340 928 4419 copulandi
954 4341 1059 4399 titulos
1088 4338 1196 4399 studiis
1216 4339 1260 4398 ei·

995 4437 1057 4500 14*
