2760 4890
530 353 787 402 conrnorrnns.
1152 342 1211 406 183

93 513 190 588 ficari,
220 509 275 573 sed
302 531 363 573 non
383 531 466 590 eam,
491 531 572 594 quae
595 513 714 574 omnino
737 513 813 574 nihil
837 514 914 588 veri,
944 513 1020 573 nihil
1046 516 1122 576 certi
1145 536 1213 577 esse

94 619 282 696 affirmabat,
311 617 367 680 sed
393 639 469 697 eam,
492 641 582 703 quam
610 621 781 682 Antiochus
805 619 1001 696 Ascalonita,
1019 599 1214 703 'praeceptor

94 727 260 803 Varronis,
273 707 276 727 ’
290 728 558 805 repraesentabat,
586 728 638 809 qui
665 727 764 789 missis
793 746 940 786 novorum
968 726 1213 791 academicorum

94 834 185 913 nugis
212 853 250 893 ac
276 833 351 895 rixis
377 833 418 895 ad
441 843 575 895 veterem
596 833 785 894 academiam
806 833 898 894 rediit
917 834 975 905 ita,
997 842 1031 893 ut
1053 855 1120 894 oum
1141 856 1211 896 aca-

94 940 220 1002 demicis
248 950 289 1001 et
307 941 469 1002 stoicorum
493 952 524 1003 et
544 942 814 1022 peripateticorum
833 940 949 1019 placita
970 943 1121 1002 misceret.
1163 942 1212 1003 Of.

94 1049 227 1111 Prelleri
247 1049 319 1109 hist.
336 1048 412 1127 phil.
433 1071 463 1129 p.
484 1058 536 1115 494
556 1069 601 1130 sq,
628 1048 677 1107 eda
696 1049 729 1108 II
751 1047 943 1127 eundemque
959 1048 990 1106 in
1006 1046 1212 1110 Oehlerianae

95 1155 237 1216 editionis
260 1175 397 1229 censura,
420 1174 509 1237 quam
528 1175 559 1233 p.
575 1165 592 1219 6
609 1156 706 1217 attuli.
734 1155 803 1234 Quo
818 1175 891 1214 vero
910 1156 1036 1215 consilio
1054 1155 1212 1217 credemus

95 1281 202 1321 canam
225 1261 396 1339 Veritatem
418 1282 437 1322 a
458 1261 597 1322 Varrone
619 1262 745 1323 induci?
779 1283 889 1341 nempe
912 1260 996 1336 ideo,
1019 1271 1052 1321 ut
1073 1261 1211 1338 edoceat,

94 1368 209 1428 nullam
236 1387 304 1427 esse
333 1389 412 1443 eam,
446 1389 507 1450 qua
529 1369 582 1430 ille
610 1391 643 1430 se
672 1372 771 1431 teneri
798 1368 941 1448 putabat,
964 1368 1129 1442 insaniam,
1152 1390 1211 1430 nec

94 1495 163 1534 eum
190 1473 373 1534 insaniorem
405 1494 474 1535 esse
501 1477 629 1559 reliquis
652 1477 806 1538 omnibus:
837 1477 976 1535 nimirum
998 1460 1056 1537 liuc
1077 1478 1212 1556 pertinet

92 1589 199 1641 notum
222 1581 384 1641 stoicorum
407 1580 562 1643 decretum
584 1574 630 1643 ὅτι
645 1577 753 1656 πάντες
768 1579 860 1663 μωροὶ
876 1581 1042 1661 μαίνονται,
1065 1604 1125 1665 quo
1144 1584 1210 1663 qui·
1292 1559 1296 1566 ι

83 1686 164 1764 ‘dam
192 1673 286 1748 totius
318 1697 440 1749 saturae
473 1699 681 1768 argumentum
710 1692 859 1751 contineri
886 1691 1045 1770 putabant.
1090 1691 1158 1751 Nec
1185 1692 1211 1752 si

90 1792 294 1875 probabiliter
321 1794 377 1855 sub
402 1795 548 1856 Veritatis
576 1817 707 1876 persona
729 1797 962 1858 delitescentem
982 1798 1126 1859 Antiochi
1150 1796 1209 1858 dis·

93 1902 238 1983 ciplinam
264 1902 458 1988 agnovimus,
489 1902 623 1962 alienum
650 1911 710 1981 est,
744 1905 823 1964 hanc
852 1898 1063 1984 disputationis
1091 1914 1209 1985 partem

91 2011 185 2072 tribui
208 2012 246 2086 ei,
264 2011 316 2091 qui
339 2009 404 2088 ipse
428 2029 448 2087 a
467 2010 630 2069 stoicorum
652 2011 764 2070 scholis
785 2031 963 2090 progressus
987 2021 1041 2072 est.
1080 2007 1127 2068 cf.
1146 2012 1208 2070 Ro-

90 2116 149 2177 thii
174 2115 213 2178 de
233 2116 300 2176 vita
320 2116 467 2177 Varronis
488 2137 518 2196 p.
540 2128 584 2180 10.
627 2119 736 2198 Itaque
760 2116 1012 2199 quemadmodum
1034 2125 1106 2178 ante
1128 2117 1209 2177 insa·

88 2246 147 2286 nus
175 2244 323 2305 nugarum
348 2224 596 2305 philosophatum
619 2245 780 2286 recensum
800 2224 951 2301 exhibuit,
980 2226 1025 2285 sic
1043 2204 1124 2283 nunc
1147 2222 1209 2282 Ve-

88 2333 165 2393 ritas
186 2320 328 2411 vulgaria
346 2332 498 2392 hominum
522 2333 597 2392 vitia
619 2341 773 2412 tamquam
794 2330 920 2407 totidem
938 2331 1078 2392 insaniae
1094 2351 1209 2409 genera

87 2440 295 2520 persequitur.

176 2593 242 2653 XX
263 2591 324 2671 (19)
397 2596 446 2652 Tu
466 2595 523 2651 oda
545 2596 674 2651 insonte?
709 2576 776 2665 qud
793 2594 843 2650 titi
862 2594 925 2650 vino
947 2593 1055 2663 scirpus
1077 2610 1207 2650 corrum-

997 2697 1048 2770 pis
1066 2709 1165 2757 mero?

140 2835 260 2894 XXI
282 2833 341 2914 (21)
402 2840 480 2893 Aiax
501 2844 559 2894 tum
581 2839 674 2894 credit
690 2835 774 2908 ferro
792 2850 823 2891 oe
844 2838 966 2892 caedere
991 2835 1116 2904 Ulixem,
1213 2832 1215 2837 ’

402 2944 470 3000 Com
491 2945 591 3001 baculo
610 2946 711 2999 siloam
731 2945 824 2999 coedit
841 2959 1004 3015 porcosque
1023 2945 1158 2999 trucidat.

177 3094 275 3154 XXII
300 3091 368 3174 (34)
400 3141 405 3152 .
431 3141 436 3152 .
459 3095 674 3168 copitcope'rto
695 3088 861 3164 iuteresse,
886 3095 952 3152 dote
971 3098 1061 3152 lucem
1077 3097 1206 3165 sciscitor,

394 3200 516 3276 Frt'qore
540 3199 640 3278 [acri]
656 3203 756 3272 torret,
780 3211 911 3261 venatum
935 3200 1017 3258 e'ieoit
1036 3204 1139 3259 tritinia

401 3308 539 3368 Vitlicum.

176 3445 291 3506 XXIII
312 3443 324 3522 (
360 3443 372 3523 )
397 3490 403 3502 .
760 3447 881 3516 denique
904 3447 954 3517 qui
974 3446 1012 3499 sit
1032 3461 1140 3500 avarus

394 3553 510 3609 Sonus?
531 3555 580 3609 cui
599 3554 624 3608 si
644 3558 698 3608 stet
719 3555 813 3608 terrai
833 3554 957 3608 traditus
981 3554 1072 3619 orbis,

395 3661 535 3716 Furondo
559 3666 662 3727 tomen,
685 3678 704 3715 a
725 3662 821 3717 morbo
843 3663 1004 3716 stimulatus
1025 3663 1130 3727 eodem,

394 3767 444 3821 Ex
466 3781 527 3823 sese
544 3768 606 3838 apae
626 3769 735 3838 aliquid
756 3774 879 3838 quaerat
900 3773 1038 3839 caputque
1059 3770 1163 3838 peculi.

85 3916 207 3996 Quodsi
235 3924 357 3995 praeter
382 3915 418 3975 fr.
447 3916 562 3976 XXIII
588 3918 665 3977 nihil
686 3939 725 3977 ex
745 3919 802 3976 hac
823 3926 910 3998 parte
935 3925 1089 3998 superstes
1113 3925 1203 3991 esset,

84 4026 147 4085 hoc
169 4044 263 4084 unum
284 4024 392 4102 opinor
411 4023 565 4083 sufficeret
585 4023 624 4083 ad
645 4023 877 4102 concipiendum
897 4025 996 4083 animo
1012 4024 1097 4082 illum
1114 4044 1204 4104 ¹quem

85 4115 188 4191 statuo
216 4130 415 4191 insanitatem
438 4151 613 4191 recensum:
642 4129 679 4190 de
710 4151 769 4211 quo
791 4130 864 4190 mihi
887 4151 924 4191 eo
944 4133 1054 4192 certius
1077 4140 1203 4205 constat,

85 4237 171 4320 quod
187 4259 216 4306 ,e
243 4238 419 4318 posterioris
443 4245 558 4318 poetae
589 4238 735 4317 opusculo
762 4239 836 4298 licet
862 4238 1060 4315 dilaceratam
1090 4239 1202 4299 Varro-

85 4345 201 4405 nianao
233 4352 355 4407 saturae
395 4347 530 4427 speciem
561 4354 662 4405 mente
702 4345 923 4424 redintegrare.
983 4346 1202 4424 Damasippum
