2760 4890
143 306 222 367 ,136
445 348 446 351 ,
591 317 846 366 conmortuus.

161 488 207 540 est
227 482 340 553 perillo
358 480 488 550 pendere
510 495 577 534 cum
598 475 731 536 Oehlero
754 476 805 535 ‘de
820 477 910 536 rebus
924 486 1047 556 praeter
1060 480 1279 538 necessitatem

160 585 324 665 susceptis>
347 582 484 659 intellegi
508 581 608 641 debet.
653 583 799 641 Similiter
822 585 918 643 Varro
940 586 972 643 in
995 593 1170 642 Eunanrmsus
1191 587 1229 645 fr.
1246 595 1281 650 23

161 693 199 773 de
225 690 418 771 philosophia
442 690 574 749 Zenonis
604 690 695 762 dixit,
724 711 793 748 eum
815 710 925 748 novam
944 691 1096 750 haeresim
1121 714 1202 752 novo
1223 715 1278 772 pa·

160 801 234 864 villo
265 795 475 877 suspendisse:
512 795 611 875 quode
639 815 692 854 suo
720 796 788 854 loco
818 795 925 854 dicam.
970 797 1021 855 Fr.
1052 799 1100 858 VI·
1125 803 1280 860 numerosi

162 905 233 986 quid
247 903 358 975 habet,
382 921 566 981 quamquam
587 921 709 960 versum
731 922 792 960 non
815 903 975 962 constituo.

245 1042 408 1115 Adscribo‚
428 1050 462 1099 ut
483 1061 539 1120 per
557 1049 659 1119 partes
684 1061 755 1100 suas
776 1042 995 1122 pedetemptim
1013 1057 1174 1126 reparetur
1192 1069 1280 1125 argu-

161 1159 303 1221 mentum,
327 1148 410 1208 aliud
428 1166 593 1227 paucorum
608 1167 752 1205 versuum
777 1151 968 1209 consortium.

238 1294 309 1363 'vn
333 1299 392 1379 (13)
415 1302 528 1358 Notitae
549 1300 722 1373 re'mr'vapa'm
746 1311 857 1360 monent
877 1306 1006 1362 celerem.

211 1459 215 1470 .
248 1438 327 1498 VIII
351 1434 409 1514 (12)
438 1405 471 1516 Vl
492 1438 561 1492 levis
582 1439 693 1508 tipprllo
714 1439 850 1511 lymphae
869 1439 997 1513 frigidos
1019 1411 1126 1501 transit
1148 1447 1239 1503 lacus.
1291 1439 1294 1443 ’

248 1575 297 1632 ΙΧ
318 1570 377 1651 (14)
402 1570 509 1629 Ebrius
530 1589 569 1640 es,
593 1573 713 1630 Marce:
737 1575 878 1647 Odyssiun
900 1580 974 1634 enim
997 1581 1119 1636 Homeri
1138 1586 1287 1639 ruminari

162 1684 273 1754 incipis,
296 1698 360 1736 carm
382 1674 449 1755 περὶ
471 1668 587 1755 τρόπων
609 1684 785 1752 serr'pturum
805 1680 831 1738 τε
851 1686 909 1740 scio
931 1679 1085 1759 receperis.

250 1815 282 1872 X
303 1812 377 1892 (22)ζ
392 1808 518 1893 Τρόπων
539 1804 666 1888 τρόπους
686 1821 736 1889 qui
756 1836 813 1875 oon
836 1823 916 1876 modo
938 1818 1086 1896 ignorasse
1106 1842 1149 1881 me
1168 1830 1284 1896 clamat,

164 1928 216 1983 sed
236 1927 348 1980 omnino
370 1922 461 1979 omnis
483 1923 588 1980 heroas
610 1932 695 1997 nepot
717 1929 867 1984 nescisse..

164 2080 215 2136 Fr.
236 2077 285 2137 IX
313 2075 424 2133 indicio
451 2082 498 2133 est
513 2058 622 2154 xaliqua
645 2075 682 2134 de
707 2075 850 2155 Odyssea
870 2045 1004 2137 Homeri
1018 2085 1244 2158 praecessisse:
1268 2108 1284 2145 e

167 2180 275 2262 quibus
307 2201 375 2239 esse
404 2190 546 2259 poterant
577 2201 614 2239 ea
640 2201 718 2261 quae
746 2182 808 2242 VII
838 2191 869 2241 et
895 2184 975 2244 VIII
1000 2185 1167 2266 adscripsi:
1205 2212 1285 2271 quae

167 2288 317 2348 Oehlerus
340 2288 479 2365 imperite
501 2288 623 2346 inverso
647 2285 752 2345 ordine
770 2289 887 2366 posuit:
916 2299 1016 2349 motae
1039 2293 1118 2351 enim
1141 2317 1160 2354 a
1184 2300 1285 2358 nautis
1307 2333 1336 2352 -.

168 2396 278 2478 celocis
309 2416 414 2454 cursus
437 2415 504 2452 cum
526 2393 643 2472 tippula
664 2392 727 2450 levi
750 2393 914 2454 confertur.
958 2396 1072 2455 Eorum
1094 2397 1239 2482 exempla
1260 2406 1284 2462 si

94 2576 98 2583 .
166 2505 196 2562 in
223 2503 367 2583 Odyssea
389 2499 509 2564 ostendi
531 2509 696 2578 nequeunt,
719 2509 866 2579 poterant
882 2509 985 2560 tamen
1003 2522 1071 2562 esse
1093 2507 1125 2565 in
1146 2507 1286 2585 longiore

166 2609 340 2669 narratione
364 2607 404 2682 ad
427 2606 589 2685 Odysseae
611 2605 809 2666 imitationem
829 2610 968 2668 formata.
1013 2612 1064 2669 Fr.
1086 2612 1148 2671 VII
1170 2613 1301 2678 hende-¹

166 2713 356 2793 casyllabum
386 2714 524 2786 efficere,
552 2733 613 2792 non
640 2713 719 2790 fugit
747 2713 944 2774 Meinekium.
988 2718 1040 2775 F.
1068 2718 1148 2777 VIII
1176 2720 1208 2777 in
1232 2741 1285 2779 ve-

167 2820 342 2880 tustioribus
373 2819 555 2880 editionibus
572 2819 671 2878 male
698 2817 833 2877 habitum
860 2822 974 2899 primus
1002 2825 1135 2882 rest'tuit
1165 2845 1203 2884 ac
1231 2848 1285 2885 nu-

167 2948 266 2986 meros
299 2927 423 3003 agnovit
451 2911 643 3003 Scaligerin
668 2927 874 3005 coniectaneis
899 2947 928 3005 p.
953 2939 1017 2993 139:
1046 2925 1137 3010 leoisl
1160 2933 1287 3004 Tippula

166 3033 284 3111 lymsoin
306 3037 330 3108 s.
354 3041 374 3096 t.
398 3036 486 3090 locas.
533 3032 676 3091 Senarios
702 3032 879 3110 descripsit:
900 3033 1010 3119 *deerat
1031 3036 1111 3094 enirn
1133 3045 1180 3106 ut,
1205 3038 1288 3118 quod

167 3143 256 3203 abest
277 3144 403 3202 etiama
424 3139 585 3214 Leidensi:
612 3159 670 3218 quo
694 3137 796 3198 addito
819 3139 938 3217 integer
959 3132 1149 3221 septenarius
1172 3143 1310 3222 prodit,-
1333 3186 1348 3208 .

166 3271 257 3330 quem
285 3257 486 3329 posteaquam
518 3247 665 3306 Mtillerus
694 3243 734 3302 ad
756 3240 924 3303 Festuml.
947 3247 1029 3307 infra
1051 3262 1085 3306 c.
1101 3249 1286 3326 designavit,

169 3357 319 3423 Oehlerus
342 3355 448 3415 maluit
476 3373 560 3415 suam
582 3352 764 3430 imperitiam
793 3350 935 3411 deamare
967 3375 1058 3434 quam
1087 3375 1161 3413 sano
1188 3356 1288 3415 virum

167 3463 279 3523 iudicio
307 3463 403 3543 sequi.
449 3461 500 3520 Sic
535 3458 616 3518 idem
643 3457 754 3516 bonam
787 3467 906 3536 partem
934 3461 1119 3538 integrorum
1143 3468 1286 3541 septena·

168 3571 280 3628 riorum
301 3589 443 3627 mensura
463 3567 584 3626 senaria
607 3565 760 3625 dimensus
784 3572 846 3637 est,
869 3567 955 3624 velut
975 3568 1027 3647 qui
1049 3567 1194 3645 postremi
1217 3576 1289 3626 sunt

168 3678 199 3735 in
220 3683 509 3732 Farosromnmmnmr
539 3680 696 3755 quattuor,
724 3670 832 3752 quibus
857 3692 942 3730 suam
970 3693 1142 3732 mensuram
1168 3673 1287 3732 Meine-

138 3847 143 3853 ¹
169 3780 239 3840 kius
267 3780 444 3840 vindicavit.
495 3755 590 3839 Aliud
605 3798 662 3844 ,ex
695 3755 765 3835 hac·
783 3778 851 3856 ipsa
877 3785 980 3836 satura
1008 3779 1180 3857 exemplum
1207 3779 1289 3838 infra

168 3888 343 3963 attingam..
372 3888 507 3966 Tippula
536 3883 608 3965 quid
638 3885 676 3942 sit
694 3893 820 3962 praeter
842 3883 975 3940 Nonium
996 3905 1027 3963 p.
1052 3894 1116 3957 180,
1144 3894 1176 3945 10
1205 3887 1289 3958 ‘Tip-

167 3993 258 4066 pula'
295 3995 403 4050 animal
430 3995 614 4059 levissimum,
642 3993 719 4064 quod
745 4008 838 4062 equos
864 4008 920 4046 non
940 3994 1035 4050 nando
1058 3996 1109 4050 sed
1127 3966 1288 4066 prodiendo

171 4107 301 4175 transeat
323 4097 416 4156 tradit
437 4096 551 4156 Paulus
574 4096 729 4156 breviator
748 4097 836 4155 Festi
857 4116 887 4173 p.
904 4104 956 4158 366
969 4097 1012 4156 Μ.
1048 4097 1202 4172 ‘Tippuln'
1225 4103 1287 4158 bas-

168 4211 252 4265 tiolae
272 4224 363 4281 penus
390 4222 445 4263 sex
474 4207 565 4277 pedes
591 4207 738 4275 habentis,
767 4210 819 4264 sed
844 4211 941 4262 tantae
969 4207 1104 4275 levitatis,
1137 4214 1168 4264 ut
1196 4225 1285 4280 super

168 4331 274 4388 aquam
300 4330 424 4371 currens
449 4331 505 4370 non
528 4314 648 4373 decidat.
691 4315 815 4371 Plautus
838 4311 965 4388 [Persae
990 4331 1018 4368 v.
1038 4319 1105 4387 2443
1129 4311 1163 4369 II
1183 4321 1217 4386 2,
1237 4311 1284 4390 62]
