2760 4890
175 318 237 388 210
424 301 426 305 ’
605 332 860 386 consecrares

175 497 252 575 spici
273 503 435 574 oporteret.
470 495 565 570 Immo
587 497 766 574 Varronem,
788 512 857 555 oum
877 491 1066 574 antiquitatis
1085 513 1185 556 mores
1207 497 1294 556 vitiis

173 602 392 683 praesentibus⁴
413 611 595 681 opponeret,
624 612 697 661 non'
712 604 756 662 ita
777 620 903 682 parcum
924 601 1085 661 verborum
1113 623 1130 662 e
1154 600 1308 682 locuple·‘

174 711 305 783 tissimo,
335 728 425 788 quem
454 708 534 767 domi
555 707 704 782 habebat,
736 711 899 768 universae
922 711 1112 790 antiquitatis
1133 711 1293 769 Romanae

173 832 254 894 penu
289 835 414 894 quorum
455 816 566 894 aliquis
608 835 680 874 usus
721 802 789 876 esse
816 799 951 894 posset,
992 816 1148 892 hausisse,
1193 817 1293 896 ipsum

172 922 230 981 hoc
252 943 269 981 e
289 927 430 980 ersonssr
451 922 663 998 fragmentum,
686 922 767 1003 quod
789 943 818 1001 p.
840 932 891 983 110
912 923 1009 998 tetigi,
1030 921 1174 983 disertius
1190 922 1294 1002 prodit

173 1026 235 1107 (16)
258 1032 368 1099 Erras,
391 1034 496 1103 inquit,
519 1031 635 1099 Marce,
658 1041 798 1087 accusare
822 1046 890 1098 nos,
912 1033 1072 1089 remissoris
1095 1025 1292 1104 antiquitates.

172 1137 222 1194 Ita
247 1134 382 1213 undique
407 1114 577 1207 confluunt,
607 1134 716 1214 quibus
745 1133 973 1195 distinctissime
1006 1132 1124 1207 secludi
1154 1157 1173 1196 a
1194 1136 1291 1196 Sexa-

172 1243 255 1318 gessi
276 1240 415 1299 iubeatur
435 1230 579 1318 distorti:
603 1259 694 1298 unum
712 1239 794 1318 quod
807 1243 996 1303 Mercklinus
1013 1260 1086 1302 suae
1103 1243 1289 1322 opinationis

171 1355 382 1424 argumentum
405 1348 529 1425 insuper
551 1339 678 1417 addidit,
701 1344 814 1405 nollem
828 1369 847 1407 a
865 1350 955 1409 docto
969 1351 1035 1420 viro
1051 1348 1231 1420 adhibitum,
1254 1347 1290 1404 il·

172 1453 226 1512 lud
254 1452 335 1533 quod
361 1472 379 1511 e
403 1460 524 1511 saturae
548 1459 618 1508 Ham
640 1459 778 1507 sacrosan
798 1455 835 1515 fr,
859 1465 875 1518 fi
896 1457 1034 1534 repetiit:
1065 1457 1156 1525 Quam
1173 1471 1291 1528 sympa-

150 1549 253 1618 'tbr‘en
278 1564 366 1620 lumbi
389 1563 428 1617 od
452 1564 547 1618 oculos
569 1563 727 1618 baberent?
770 1566 840 1635 quid
867 1583 1000 1638 mapsam
1023 1569 1188 1632 interesset,
1216 1578 1291 1634 pue·
1365 1616 1367 1620 ,

173 1685 237 1724 rum
258 1675 355 1723 utrum
377 1683 466 1738 essem
488 1671 696 1740 devirpinotum
718 1686 841 1738 asserus,
857 1689 909 1727 ‘aa
931 1664 1161 1747 praeopimum,
1179 1685 1292 1741 pueros

172 1775 238 1829 daem
261 1775 372 1845 capito?
400 1770 452 1830 sic
473 1770 552 1828 enim
571 1768 938 1858 povopipovrueO'ehlero
962 1774 1085 1853 quidem
1108 1774 1186 1832 ‘sine
1208 1750 1299 1831 omni

172 1864 359 1936 dubitatione
383 1876 548 1954 legendum
569 1874 730 1954 videbatur
748 1881 839 1952 esse',
866 1900 903 1938 ac
919 1880 1061 1960 probavit
1077 1900 1144 1938 eam
1160 1879 1290 1957 scriptu-

172 2004 236 2042 ram
263 1984 334 2042 olim
364 1986 407 2057 ei,
442 2003 532 2062 quem
553 1981 741 2042 Mercklinus
760 1983 881 2058 laudat,
910 1986 1053 2057 Hertaio,
1088 2004 1179 2065 quem
1201 1993 1290 2063 puta-

171 2090 267 2149 verim
288 2088 380 2147 hodie
397 2108 455 2148 nec
477 2088 563 2147 illam
584 2107 642 2146 nec
665 2087 912 2168 alias'quasdam
932 2100 995 2148 tum
1009 2071 1132 2170 quidem
1146 2088 1290 2147 laudatas

172 2197 410 2269 emendationes,
434 2198 460 2255 si
484 2196 529 2255 dis
552 2195 664 2273 placet,
689 2193 891 2254 Oehlerianas
914 2197 1118 2274 probaturum.
1156 2196 1226 2272 Ego
1250 2194 1290 2253 de

68 2325 80 2369 ,’
170 2303 334 2375 hocloco,
355 2319 445 2382 quern
466 2281 576 2360 misere
599 2302 798 2381 depravatum
820 2301 890 2360 libri
917 2302 1009 2381 (Non.
1034 2324 1064 2382 p.
1087 2310 1148 2373 458,
1169 2299 1217 2379 25)
1244 2300 1290 2358 of-

171 2409 273 2468 ferunt
304 2410 334 2466 in
366 2409 446 2466 hunc
476 2407 612 2467 modum:
648 2429 686 2467 on
711 2424 944 2480 monueeptoeuc,
978 2427 1078 2468 meum
1107 2408 1189 2466 facio
1211 2405 1291 2465 illud

131 2561 133 2564 .
172 2512 337 2591 Scaligeri:
373 2513 465 2593 ‘quid
493 2515 625 2574 voluerit
652 2517 750 2575 Varro
777 2515 898 2588 nescio,
929 2514 1003 2595 quid
1032 2516 1164 2574 noluerit
1199 2515 1290 2572 scio?

171 2620 234 2680 Sed
261 2629 294 2678 ut
321 2626 498 2697 germanum
523 2621 563 2679 sit
588 2621 679 2694 illud,
708 2618 790 2700 quod
817 2637 856 2678 ne
885 2618 1044 2699 probabile
1073 2620 1201 2701 quidem
1220 2640 1290 2678 esse

171 2727 316 2800 concedo,
339 2725 410 2785 inde
433 2727 700 2802 sexagenariomm
721 2727 885 2803 vestigium
906 2727 1068 2805 aucupari,
1090 2703 1150 2785 boc
1174 2735 1232 2799 est,
1256 2733 1290 2783 ut

169 2853 275 2893 verum
296 2835 405 2905 fatear,
427 2833 544 2909 nugari.

257 2939 375 3018 Quodsi
398 2938 579 3015 Sexagessis
602 2958 663 2996 non
684 2939 797 3016 poterit
820 2956 889 2996 cum
910 2938 958 2996 his
979 2934 1047 3015 aspi
1068 2934 1218 3016 ἐξαγωγῆς
1239 2956 1289 2996 co·

168 3040 282 3128 pulcri,
309 3065 371 3104 non
398 3045 494 3121 magis
518 3044 631 3116 altera,
660 3065 751 3124 quam
773 3044 873 3121 tetigit
893 3043 1098 3116 Meroklinus,
1130 3045 1224 3117 ratio,
1256 3053 1290 3102 ut

167 3156 215 3214 his
237 3173 268 3214 a.
285 3149 322 3226 ἐξ.
338 3151 550 3232 praemittatur
572 3151 677 3234 titulus
701 3153 796 3234 Lenpe
810 3151 887 3224 sepit
902 3155 952 3223 qui
966 3136 1133 3225 suossfnpit,
1158 3170 1218 3230 quo
1235 3148 1289 3209 ad·

168 3263 289 3321 iuvetur
311 3259 456 3340 dispici0,
485 3257 543 3315 nisi
566 3255 648 3335 quod
668 3276 760 3314 unum
783 3254 837 3327 pub
861 3255 920 3314 hoc
941 3257 1029 3314 titulo
1056 3256 1182 3314 allatum
1205 3255 1288 3332 frag·

150 3357 302 3427 mentum
319 3367 481 3425 stoicorum
501 3362 680 3441 paradoxon
695 3362 801 3437 tangit.
829 3358 919 3418 'Nihil
932 3360 1030 3420 dicam
1042 3380 1132 3441 porro
1148 3361 1187 3420 de
1200 3361 1288 3420 titulo

167 3470 234 3552 περὶ
257 3471 402 3550 κεραυνοῦ
425 3469 524 3548 deque
541 3470 598 3528 hoc
618 3466 673 3538 Δὶς
687 3464 791 3537 παῖδες
806 3464 836 3524 oi
852 3462 996 3543 γέροντες,
1020 3488 1111 3547 quem
1128 3487 1197 3526 cum
1211 3470 1287 3527 Pro·

167 3578 286 3637 metheo
316 3577 457 3653 coniungi
485 3575 658 3634 dubitanter
686 3574 846 3652 Roeperus
870 3575 983 3646 euasit,
1006 3574 1062 3633 sed
1084 3589 1210 3652 pergam
1232 3591 1289 3652 per

167 3687 317 3762 ingratam
338 3683 411 3756 mihi
430 3691 461 3741 et
477 3682 646 3762 taediosam
659 3679 814 3739 refutandi
829 3689 953 3758 operam
971 3680 1011 3739 ad
1029 3680 1151 3739 tertium
1165 3677 1288 3738 Menck-

167 3790 300 3849 linianae
329 3789 543 3867 disputationis
571 3787 757 3866 capitulum,
791 3760 850 3865 qnb
880 3785 920 3844 ad
947 3785 1075 3845 traditas
1102 3785 1220 3863 priores
1242 3785 1287 3841 in·

169 3896 364 3973 scriptionum
384 3903 487 3971 partes
504 3893 607 3952 studet
623 3894 735 3952 alteras
753 3893 925 3971 anquirere,
949 3892 1057 3970 quibus
1078 3899 1289 3968 argumentum

127 4000 131 4004 ’
169 4021 280 4078 graece
311 4001 508 4077 significetur.
558 3998 606 4056 Ac
640 4019 695 4077 per
719 4007 760 4081 ⁴se
793 3998 916 4079 quidem
953 4018 1014 4056 non
1047 3996 1288 4077 improbabiliter

168 4111 325 4183 Meleoprt's
359 4108 454 4165 fuisse
487 4099 554 4175 περὶ
585 4096 685 4181 θήρας
708 4106 753 4162 ‘in
790 4105 973 4162 consortium
1010 4102 1115 4162 addita
1144 4103 1286 4162 coniecit.
1327 4160 1330 4164 ,

170 4214 263 4274 Cuius
286 4213 408 4290 generis
432 4209 501 4279 alia,
525 4208 562 4267 ab
587 4229 624 4268 ea
645 4211 802 4289 profectus
825 4208 1003 4287 suspitione,
1027 4228 1082 4287 per
1099 4210 1188 4268 huius
1205 4228 1285 4266 com-

127 4313 131 4319 ’
168 4320 365 4378 mentationis‘
388 4316 644 4396 opportunitatem
674 4316 787 4393 protuli
815 4315 987 4393 complura,
1021 4315 1130 4395 quibus
1140 4332 1209 4373 ‘non
1232 4315 1286 4372 mi-
