2760 4890
187 335 235 399 ,80
619 349 877 399 ΟΟΝΙΕΟΤΔΝΕΑ.

193 507 381 584 'stansposui
401 508 459 563 aidi
476 523 573 564 servos
590 507 670 586 quod
690 518 736 566 est
758 509 788 566 in
810 508 896 567 libris
914 508 1006 567 Nonii
1028 529 1058 587 p.
1080 516 1125 580 86,
1147 518 1189 570 ll.
1234 510 1313 568 Eos·
1349 570 1356 583 ,

194 613 263 672 dem
285 632 426 671 numeros
449 612 576 690 praebet
601 614 639 676 fr.
662 624 693 676 t:
730 619 822 675 Noctu
843 619 936 674 cultro
956 619 1109 689 coquinari
1127 633 1159 672 se
1180 621 1315 674 traiecit:

193 724 318 778 nondum
340 723 414 777 enim
436 722 479 776 itti
498 723 605 777 inventi
624 729 709 777 erant
731 723 837 779 cultelli
858 723 1007 795 importoti
1028 738 1044 776 e
1065 724 1214 797 Bithynia.
1261 723 1315 783 sic

194 827 273 885 enirn
302 824 413 898 verba,
441 844 519 904 quae
548 825 622 883 satis
651 824 819 904 depravate
848 825 990 904 leguntur
1016 826 1098 907 apud
1120 829 1255 889 Nonium
1281 852 1312 909 p.

195 944 253 1006 195,
278 941 318 1005 16,
341 939 507 1011 praeeunte
525 932 635 1010 partim
653 932 757 1011 Lipsio
780 931 978 1012 probabiliter
995 931 1146 994 Oehlerus
1166 938 1311 996 restituit.

192 1039 282 1098 Unde
304 1040 364 1097 iarn
385 1038 463 1098 haec
487 1058 590 1098 eorum
612 1058 754 1098 mensura
775 1039 892 1117 prodit:

344 1237 350 1248 .
375 1201 460 1250 noctu
483 1194 576 1250 cultro'
597 1196 750 1266 coquiaori
771 1196 804 1250 se'
824 1197 953 1251 traiecit:
975 1196 1100 1254 artadum
1122 1201 1197 1264 enim

341 1288 394 1357 ‘nu
414 1301 625 1358 intentata
647 1301 754 1357 cutam
771 1301 919 1372 imptrtati
939 1318 954 1357 e
972 1291 1120 1376 11111111.

191 1453 227 1510 In
250 1453 350 1530 priore
371 1451 501 1510 fortasse
522 1471 582 1508 non
604 1452 689 1511 initio
711 1452 766 1512 sed
787 1453 819 1540 in
839 1452 939 1511 medio
954 1473 1045 1512 versu
1060 1455 1148 1518 unius
1165 1453 1310 1534 syllabae

192 1557 331 1621 defectus
355 1566 416 1631 est,
440 1557 541 1617 velut:

343 1696 435 1752 No'ctu
457 1699 549 1753 cultro
571 1697 723 1769 coquiaori
746 1692 823 1771 [iste]
846 1695 1016 1753 1111111111.

192 1828 387 1913 (tultellose
415 1830 561 1910 Bithynia
588 1831 781 1908 importatae,
815 1849 891 1909 quos
919 1850 953 1887 se
983 1831 1124 1906 ignorare
1153 1816 1307 1892 oehlehrs

190 1935 316 2008 fatetur,
339 1936 543 1995 Mommsenus
566 1956 613 1994 me
637 1934 780 1994 admonet
809 1954 877 1993 esse
906 1935 1033 2008 cultros,
1065 1935 1174 2015 quibus
1198 1957 1231 1996 se
1255 1959 1307 1997 eu-

189 2043 322 2102 nuchare
354 2041 437 2102 Galli
463 2040 595 2101 soleant:
633 2061 706 2120 quos
728 2041 840 2112 Varro,
862 2042 1039 2119 provinciae
1062 2041 1219 2102 Romanae
1244 2063 1307 2102 rne-

189 2171 263 2223 mor,
287 2170 303 2208 e
325 2149 470 2229 Bithynia
491 2149 590 2227 potius
613 2166 703 2224 quarn
725 2166 741 2203 e
763 2146 899 2225 Phrygia
919 2146 1028 2205 allatos
1052 2125 1144 2208 dieat.

273 2256 368 2313 Porro
395 2254 433 2312 fr.
455 2261 472 2314 8
501 2256 598 2328 Rapta
623 2252 816 2330 1611111611)
839 2258 1010 2328 nescioquo
1031 2259 1154 2312 multone
1177 2261 1309 2329 raptoris

190 2362 333 2434 (rupturis
362 2358 432 2417 libri
459 2358 538 2416 Non.
564 2379 593 2437 p.
619 2367 683 2431 166,
715 2359 760 2438 16)
791 2364 907 2418 ramicis
936 2365 1046 2434 rumpit
1075 2362 1229 2420 scazontis
1250 2381 1306 2419 nu·

188 2485 286 2527 meros
307 2465 410 2522 offert:

340 2645 346 2658 .
371 2609 486 2672 ,rapta
510 2620 527 2655 a
549 2601 644 2658 nascio
667 2620 722 2675 quo
742 2605 863 2660 muliane
885 2603 1015 2676 raptoris

339 2710 473 2767 Ramioes
493 2707 610 2780 rumpit.

186 2863 235 2920 De
259 2882 295 2919 eo
317 2880 429 2938 genero
452 2881 592 2920 versuum
616 2860 715 2919 dicam
737 2859 817 2918 infra
839 2870 990 2919 accurate.
1026 2861 1169 2940 Denique
1191 2861 1304 2921 adiicio

186 2968 312 3046 probum
335 2970 521 3027 octonarium
542 2967 721 3039 iambicum,
745 2987 835 3048 quern
856 2965 997 3044 praebuit
1017 2966 1054 3024 fr.
1077 2979 1107 3029 5:

254 3123 406 3192 'Quotiens
425 3126 542 3195 priscus
564 3124 645 3179 bomo
668 3123 851 3179 territurus
874 3120 1023 3177 Romanus
1043 3124 1119 3179 inter
1140 3122 1301 3179 nundinam

270 3229 398 3285 Barbam
421 3232 549 3286 radebat.

183 3383 365 3460 Priusquam
388 3380 467 3439 bano
493 3389 626 3438 saturam
654 3380 756 3452 mitto,
790 3379 846 3437 hoo
875 3398 983 3438 moneo
1011 3379 1043 3437 in
1067 3372 1244 3439 transcursu
1263 3383 1301 3440 fr.

184 3498 217 3551 13
238 3509 298 3546 nou
316 3495 399 3545 reete
422 3485 512 3562 vulgo
538 3489 620 3543 initio
641 3485 740 3558 scribi,
765 3483 877 3543 debere
900 3488 988 3554 initio,
1008 3484 1038 3543 id
1059 3485 1140 3564 quod
1160 3488 1205 3546 sic
1229 3509 1300 3564 exa·-

182 3602 279 3652 ratum
302 3592 422 3652 invenio
444 3592 474 3649 in
496 3591 621 3649 Antonii
642 3589 809 3651 Riecoboni
833 3589 871 3648 de
893 3590 1020 3650 historia
1041 3589 1133 3650 libro:
1156 3594 1208 3671 qui
1232 3614 1300 3652 oum

183 3709 317 3758 ceterum
340 3719 395 3757 sua
418 3696 455 3755 de
471 3698 608 3757 Varrone
628 3698 736 3756 merita
757 3695 854 3754 nollet
875 3696 954 3756 ultra
977 3697 1170 3757 describendi
1189 3708 1220 3758 et
1236 3700 1298 3759 ool-

182 3805 298 3883 ligendi
325 3823 449 3884 operam
473 3802 632 3880 progredi,
661 3803 711 3861 hio
736 3801 857 3861 videtur
887 3801 983 3863 semel
1006 3795 1083 3882 'quid
1106 3805 1171 3883 ipse
1195 3826 1297 3866 ernen-

182 3910 287 3970 dasse:
325 3912 442 3983 confluit
472 3911 622 3966 mulierum
651 3918 709 3967 toto
737 3912 846 3967 Romo:
885 3926 958 3982 quoe
987 3917 1075 3984 noctu·
1095 3914 1164 3984 fieri
1189 3916 1299 3970 initio

180 4021 263 4075 solito
290 4021 374 4074 etiam
397 4032 474 4072 nunc
490 4017 580 4086 pinea
603 4015 680 4088 faxo
700 4019 816 4072 indicat.
862 4015 899 4072 Iu
922 4013 1031 4092 quibus
1055 4012 1206 4076 Oehlerus
1228 4039 1297 4096 por-

179 4143 284 4202 peram
301 4110 531 4180 mulierum'toto
550 4121 642 4177 Romo
663 4120 892 4199 interpretatur:
917 4121 1077 4200 ‘quotquot
1095 4132 1165 4182 sunt
1179 4124 1296 4184 Romae

180 4227 349 4286 mulieres':
380 4227 481 4285 omisit
506 4235 579 4306 puto
603 4226 720 4287 Nonius
747 4247 870 4299 vocem,
897 4226 983 4287 velut.
1007 4231 1107 4297 turba,
1138 4228 1219 4287 unde
1242 4250 1295 4307 ge-

178 4333 297 4390 netivus
319 4331 484 4410 pendebat.
524 4332 591 4391 Neo
610 4331 779 4409 abstergeri
801 4331 905 4392 debuit
925 4335 1075 4413 scriptura
1094 4335 1178 4408 sors,
1201 4357 1292 4415 quam
