2760 4890
496 284 499 288 ¹
543 283 801 370 carrucarum.
833 330 836 333 ’
1170 309 1232 372 217
1271 360 1280 376 .

96 481 196 548 ‚euris
216 479 324 538 redeat
347 471 511 561 aliquando
534 479 732 552 Meroklinus,
754 488 788 538 ut
810 480 936 540 ‘viribus
958 482 1063 541 unitis'
1089 482 1233 542 etiamin

115 588 174 647 hac
191 605 286 646 causa
303 585 435 666 denique
453 586 585 659 veritas,
610 587 713 666 quoad
728 589 792 646 eius
809 588 875 647 fieri
890 591 1003 668 possit,
1021 587 1232 665 investigetur.

202 693 265 753 Sed
291 713 350 773 quo
381 704 516 772 emergat
543 694 667 754 tandem
695 695 811 754 animus
836 714 872 752 ac
897 702 1052 753 recreetur
1073 715 1111 754 ex
1135 695 1233 754 incer·

115 801 225 861 tissimi
248 804 408 860 successus
432 808 462 859 et
483 801 614 860 maxime
636 799 761 859 lubricis
786 783 1024 882 quaestiouibus,
1048 802 1142 861 liceat
1160 803 1233 862 mihi

115 917 270 987 tamquam
286 907 477 986 epimetrum
512 907 582 965 huic
612 909 857 966 commentationi
874 906 1112 966 »emendationes
1143 929 1232 988 quas-

117 1014 186 1073 dam
212 1025 296 1072 meas
321 1015 352 1073 in
374 1014 421 1072 his
446 1015 592 1073 Varronis
614 1014 750 1093 reliquiis
773 1015 871 1073 factas
893 1013 1036 1085 adiicere,
1056 1013 1164 1093 quibus
1187 1016 1231 1074 vi·

117 1120 191 1180 deor
213 1121 295 1191 mihi,
320 1139 408 1197 spero
433 1122 523 1180 etiam
546 1120 623 1194 aliis,
645 1128 697 1179 aut
715 1141 820 1179 verum
839 1129 891 1180 aut
913 1117 994 1204 quod
1017 1120 1146 1178 maxime
1163 1141 1232 1200 pra

116 1227 219 1286 babile
250 1227 289 1285 sit
317 1233 475 1286 assecutus
505 1246 583 1285 esse.
627 1227 741 1286 Earum
763 1228 890 1306 primam
912 1210 937 1286 e
957 1235 1094 1284 Mvsrmus
1119 1234 1232 1306 petam,

116 1333 200 1391 cuius
223 1340 344 1391 saturae
367 1332 405 1390 fr.
427 1341 443 1395 6
465 1334 509 1391 ita
526 1309 656 1391 habetur
680 1331 762 1411 apud
783 1331 963 1394 Oehlerum:
987 1337 1047 1393 Init
1071 1339 1159 1409 11191,
1183 1338 1264 1393 dos·

115 1462 134 1498 a
162 1442 274 1515 semina
299 1447 333 1496 ut
362 1438 532 1511 auferatur,
569 1456 643 1513 quae
675 1441 757 1496 miti<
767 1448 955 1514 posteaquam
990 1445 1029 1499 ad
1052 1444 1234 1500 concordiam

116 1551 193 1604 dicta
215 1554 258 1604 est
275 1575 330 1602 —-.
360 1543 475 1622 Quam
500 1545 696 1625 scripturam,
729 1567 790 1604 non
817 1544 902 1603 illam
923 1546 1047 1626 quidem
1072 1566 1109 1605 ex
1131 1565 1232 1605 exem·

115 1651 253 1731 plaribus
267 1652 366 1710 ‘Nonii
387 1651 529 1730 petitam,
553 1672 621 1720 cum
643 1652 741 1712 editor
762 1655 828 1731 ipse
851 1651 1058 1730 supersederit
1079 1649 1233 1730 explicare

116 1771 162 1816 ac·
180 1758 310 1816 viriliter
333 1760 469 1830 firmare,
499 1760 604 1818 nescio
627 1780 666 1818 an
691 1780 747 1837 ego
772 1757 900 1817 debeam
922 1757 1057 1836 pluribus
1080 1757 1233 1817 refellere.
1258 1742 1261 1750 ¹

116 1863 197 1921 Nam
221 1863 294 1922 licet
308 1865 406 1924 Nonii.
420 1866 510 1944 culpa
526 1864 654 1943 abrupta
669 1865 708 1924 sit
726 1865 887 1938 sententia,
912 1872 1089 1922 tamennon
1106 1861 1234 1921 multum

116 1970 188 2029 fidei
201 1970 325 2030 ‘habere
346 1973 517 2031 emendatio
535 1979 646 2053 potest,
669 1971 728 2028 nisi
746 1971 844 2029 animo
864 1972 929 2031 fere
945 1972 1151 2048 integritatem
1166 1971 1233 2029 1111-

116 2077 231 2137 tentiae
260 2079 423 2137 informare
449 2080 563 2158 possis:
591 2069 623 2139 id
645 2079 727 2159 quud
748 2097 856 2138 vereor
878 2099 917 2138 ne
938 2079 970 2136 in
991 2077 1045 2137 illa
1066 2076 1233 2134 conforma-

115 2183 202 2242 tione
214 2184 327 2260 nemini
343 2186 509 2263 contingat.
544 2186 606 2246 Sed
630 2205 780 2264 apponam
794 2185 887 2243 Nonii
904 2185 1108 2244 testimonium
1124 2204 1154 2261 p.
1173 2191 1234 2254 280,

116 2299 151 2353 ’19
176 2292 313 2350 ‘Dicere’
337 2297 421 2350 etiam
437 2296 606 2366 promittere
620 2328 662 2336 —-
678 2327 720 2336 -
745 2291 1234 2365 1711111111111111111111111191,
1269 2297 1274 2306 ‘

116 2402 167 2456 ctos
190 2419 207 2456 1
227 2401 337 2473 femina
360 2407 400 2457 uti
414 2401 579 2474 auferatur,
606 2400 696 2474 quae'
718 2419 744 2459 1.
769 2421 798 2478 q.
816 2419 840 2461 s.
873 2397 1082 2457 Commeatum
1098 2398 1235 2474 Popmae

115 2509 145 2562 iu
175 2509 206 2562 id
231 2509 329 2580 iurqo,
355 2496 409 2564 ’1111
437 2526 498 2564 non
526 2505 622 2582 magis
652 2506 755 2584 placet
792 2526 881 2584 quam
910 2525 961 2576 ea,
992 2523 1053 2585 qua
1078 2503 1235 2581 vulgatam

116 2611 297 2688 scripturam
315 2613 465 2671 firmatum
486 2610 551 2682 ivit,
575 2594 753 2690 explicatio:
784 2611 879 2668 ‘Eam
901 2608 938 2668 ob
961 2629 1025 2668 rem
1042 2612 1128 2688 virgo
1152 2611 1243 2670 duci·
1314 2675 1317 2684 ‚

115 2724 179 2788 tur,
204 2725 250 2788 ut,
274 2727 436 2798 postquam
464 2719 496 2777 in
524 2717 582 2776 viri
603 2736 710 2774 manus
732 2716 832 2789 venit,
861 2716 1034 2776 insimulata
1057 2718 1163 2796 flagitii
1185 2728 1236 2778 aut

117 2821 249 2880 criminis
273 2824 416 2899 alicuiuS,
442 2824 496 2884 dos
520 2823 557 2882 ab
580 2823 635 2883 illa
657 2823 836 2881 auferatur?
880 2825 922 2883 Et
944 2826 1130 2885 Concordiam
1154 2826 1235 2906 quod

116 2928 226 2989 suadet
248 2929 287 2988 ad
310 2939 443 2991 saturam
466 2935 846 3001 Τ11Π11111Τ1Π11111,
867 2934 939 3012 quia
961 2934 1081 3011 signum
1102 2931 1234 2992 Concor·

91 3038 195 3110 diae
213 3057 309 3117 prope
337 3056 447 3118 aquam
474 3038 608 3117 Appiam
636 3037 743 3110 fuerit,
778 3039 830 3098 ubi
859 3042 1020 3116 coniugum
1049 3038 1147 3115 iurgia
1176 3037 1235 3098 dis-

90 3145 332 3224 ceptabantur,
370 3145 538 3223 speciosius
574 3153 621 3202 111
653 3165 743 3223 quam
778 3147 891 3204 verius.
948 3145 1092 3223 Repono:
1126 3149 1236 3217 inquid,

115 3257 196 3325 iura,
218 3255 269 3310 dos
290 3271 308 3307 a
330 3252 440 3325 femina
459 3259 491 3308 ut
508 3253 674 3325 auferatur.
719 3270 793 3326 quae
817 3255 887 3309 mitri
900 3260 1090 3325 posteaquam
1110 3255 1150 3308 ad
1169 3271 1236 3310 eou-

116 3362 245 3417 eordium
265 3362 343 3416 dieta
364 3366 407 3414 est
427 3389 482 3414 -.
519 3357 584 3414 Iam
606 3359 708 3436 priora
725 3357 778 3416 illa
794 3377 855 3415 non
870 3359 968 3415 minus
987 3355 1124 3435 abrupta,
1147 3377 1236 3435 quam

117 3466 301 3547 posteriora:
324 3463 443 3522 illorum
468 3465 649 3522 sententiam
667 3464 690 3522 it
726 3463 791 3522 fere
813 3463 885 3521 licet
904 3461 1128 3540 redintegrare:
1157 3465 1239 3533 Quod

116 3577 142 3628 si
163 3591 219 3630 uon
240 3575 305 3644 fiet,
327 3571 408 3645 fare,
429 3573 530 3644 iuquit,
554 3574 626 3638 iuro,
650 3573 701 3628 1111
724 3591 741 3628 1
761 3571 872 3643 semina
895 3577 926 3627 ut
943 3571 1108 3652 auferatur.
1141 3571 1235 3630 Dein-

119 3697 191 3757 ceps
218 3678 318 3757 isqui
341 3657 520 3736 illa‘retulit
540 3697 558 3770 a
580 3695 659 3734 novo
684 3696 810 3736 exorsus
834 3677 988 3734 enuntiato
1011 3678 1125 3755 pergit:
1158 3678 1237 3746 Quae

117 3788 186 3843 miti
203 3794 392 3859 posteaquam
414 3788 453 3842 ad
472 3787 653 3842 concordiam
673 3788 816 3857 promissa
839 3792 888 3841 est.
924 3783 1012 3841 Haec
1030 3792 1150 3861 sumpta
1169 3803 1237 3844 esse
1319 3773 1328 3788 ⁸

118 3899 246 3971 apparet
260 3910 277 3949 e
289 3890 394 3966 iurgiis
409 3890 488 3948 inter
504 3898 678 3962 amatorem,
693 3888 847 3968 repulsum
860 3897 893 3947 ut
905 3888 1034 3961 videtur,
1052 3896 1082 3946 et
1093 3896 1235 3968 nuptam:

68 4061 78 4082 ι
119 4006 202 4057 11111
228 4018 263 4057 11
290 4017 345 4055 111
372 3997 526 4056 deducunt
554 3996 647 4055 etiam
680 3994 740 4053 alia
771 3994 921 4074 quaedam
950 3988 1086 4054 eiusdem
1114 4004 1236 4056 saturae

120 4105 305 4181 fragmenta:
335 4103 420 4164 velut
447 4102 505 4160 hoc
527 4123 587 4160 non
610 4100 771 4161 obscurum
795 4108 840 4160 est
861 4101 899 4161 fr.
919 4112 935 4162 5
965 4102 1023 4160 Sed
1040 4104 1090 4160 tibi
1108 4102 1236 4180 fortasse

119 4214 193 4268 111111
215 4214 292 4268 molit
313 4217 341 4267 et
362 4212 455 4283 clepsit
478 4208 515 4266 ab
535 4206 762 4285 indignabundo
787 4214 920 4266 amatore
943 4207 975 4265 in
996 4216 1136 4287 nuptam,
1157 4228 1236 4287 quae

119 4316 204 4374 illum
225 4317 384 4388 remiserit,
406 4316 475 4376 iaci.
506 4316 573 4374 Iam
588 4313 771 4374 sententiam
790 4334 857 4374 oum
872 4315 1062 4394 recuperavi,
1087 4334 1133 4387 ea,
1157 4333 1236 4392 quae
