2760 4890
130 343 189 405 118
557 352 813 401 conmortuus.

128 515 160 576 in
188 524 292 575 satura
313 513 352 572 de
374 513 498 601 Epicuri
520 513 676 590 voluptate
696 511 859 571 iudicasse.
904 510 967 570 Sed
997 509 1057 568 hoc
1085 509 1249 570 levidense

130 630 185 681 est.
229 622 296 680 Iam
324 639 392 678 eum
417 619 448 676 in
470 597 648 682 Susurri-reims
677 617 857 695 fragmentis
880 615 1009 675 eandem
1029 617 1150 676 viarum
1172 619 1249 676 ima·

129 729 230 806 ginem
259 728 299 787 ad
324 725 535 785 illustrandam
561 716 729 784 Oameadis
760 733 790 783 et
818 723 949 784 Zenonis
980 723 1018 782 de
1046 723 1107 784 fine
1129 724 1250 784 dissen-

131 835 245 894 sionem
279 833 445 893 adhibitam
472 833 626 910 legamus,
663 853 724 891 non
751 830 867 891 absona
904 839 951 891 est
988 833 1134 913 suspitio,
1170 832 1259 891 Ver--

130 960 234 999 ronem
261 941 292 998 in
319 941 378 999 hac
406 959 527 1020 quoque
555 947 658 998 satura
678 939 806 999 eandem
827 939 879 997 vel
901 940 1031 999 similem
1053 937 1251 998 discernendi

106 1046 185 1122 ,has
212 1045 460 1125 philosophorum
490 1046 713 1105 controversias
744 1047 891 1104 rationem
913 1054 944 1106 et
970 1045 1133 1123 imaginem
1156 1045 1252 1102 etiam

130 1155 162 1213 in
191 1154 317 1233 reliquis
344 1162 537 1231 persecutum
568 1172 654 1225 esse,
692 1159 726 1209 ut
755 1162 794 1210 'ne
819 1152 889 1211 hinc
914 1153 1035 1234 quidem
1062 1151 1114 1211 vel
1142 1159 1252 1210 ternae

129 1260 200 1319 viae
233 1259 284 1318 vel
312 1259 506 1338 quaternaria
540 1259 736 1338 compitorum
776 1258 945 1321 distributio
977 1261 1097 1319 alienae
1126 1256 1251 1315 fuerint.

132 1363 215 1443 Quid
241 1384 330 1437 vero,
359 1365 385 1423 si
411 1385 450 1423 ne
472 1375 554 1424 esset
577 1365 699 1445 quidem
720 1367 797 1425 haee
822 1368 888 1425 sola
911 1365 1129 1425 sententiarum
1154 1365 1187 1420 in
1206 1363 1251 1422 di-

131 1471 229 1530 versis
258 1470 368 1528 saturis
390 1471 563 1544 similitudo,
598 1473 653 1531 sed
677 1493 732 1532 eae
755 1472 903 1553 reliquiae
926 1474 964 1532 ad
987 1490 1081 1531 unum
1106 1468 1251 1528 eundem-

133 1595 192 1656 que
227 1574 440 1654 disputationis
479 1598 598 1636 cursum
630 1579 738 1637 referri
771 1578 942 1642 deberent?
986 1580 1038 1640 Sic
1068 1577 1150 1637 enim
1178 1576 1252 1636 olim

133 1681 220 1760 quasi
247 1699 397 1760 suspensa
421 1702 512 1740 manu
539 1685 581 1742 Μ.
605 1685 749 1742 Hertzius
779 1686 918 1758 coniecit,
942 1695 1040 1765 nuper
1064 1683 1250 1742 certius·af-

132 1787 264 1867 firmavit
284 1774 482 1860 Merclrlinus,
508 1808 575 1847 earn
598 1798 740 1863 saturam,
766 1792 813 1849 cui
837 1791 928 1867 vulgo
952 1797 1027 1846 Ham
1045 1799 1183 1848 Arrsosuru
1206 1793 1251 1849 in·

133 1891 282 1965 scribitur,
302 1915 362 1952 non
386 1915 454 1954 esse
477 1895 568 1954 aliam
591 1916 627 1954 ac
652 1901 850 1963 Sssoururrxsu,
874 1897 922 1954 cui
946 1897 1099 1977 duplicem
1119 1898 1253 1957 indicem

134 2007 316 2064 Sesoumnxss
341 2007 411 2058 Hem
436 2010 574 2062 Arrsouos
599 2025 653 2084 pro
683 2022 767 2060 more
794 2003 940 2062 Varronis
969 2002 1057 2062 reddi
1086 2009 1272 2083 oporteret.-

133 2109 299 2188 Acquievit
316 2118 445 2189 uterque
467 2112 498 2169 in
519 2131 602 2170 mera
620 2110 690 2183 illa,
713 2129 803 2188 quam
826 2108 1058 2183 illustravimus,
1083 2090 1251 2168 sententia·-

43 2215 53 2227 '
133 2237 198 2274 rum
220 2217 412 2292 cognatione,
432 2237 522 2296 quam
541 2225 644 2275 tamen
667 2235 723 2292 ego
745 2217 797 2273 isti
820 2216 1049 2303 conglutinandi
1071 2215 1177 2274 titulos
1201 2235 1251 2273 co-

132 2313 245 2381 namini
271 2343 332 2380 non
358 2322 500 2401 sufficere
528 2324 666 2384 arbitror.
711 2323 758 2380 Ac
788 2326 939 2382 concessit
965 2321 1154 2382 Merchlinus
1176 2321 1253 2400 ipse,

134 2448 193 2507 quo
216 2430 322 2516 mirum
346 2438 392 2488 est
415 2450 482 2489 eum
506 2451 567 2488 non
588 2431 703 2490 vidisse
728 2448 813 2487 suam
832 2428 1014 2488 labefactari
1035 2417 1252 2508 opinationem,

133 2535 164 2592 in
201 2533 404 2612 compluribus
439 2539 548 2596 saturis
576 2540 746 2599 Varronem
782 2536 821 2594 ad
848 2534 1095 2614 philosophorum
1127 2532 1254 2614 αἱρέσεις

134 2640 319 2699 devertisse:
350 2660 533 2723 quamquam
561 2663 600 2728 ne
627 2643 685 2701 hoc
715 2643 837 2723 quidem
868 2661 903 2700 eo
932 2640 1078 2719 probatur
1101 2643 1253 2722 exemplo,

136 2745 217 2825 quod
239 2745 291 2804 ille
309 2766 325 2805 e
342 2753 513 2804 Trsrmsrrro
536 2749 681 2827 repetiitt'
696 2767 767 2822 quos
785 2748 941 2821 Menippea
958 2750 1089 2807 haeresis
1107 2754 1255 2808 nutricatu

134 2861 192 2910 est:
217 2851 277 2911 vid.
299 2872 391 2931 supra
408 2875 438 2932 p.
459 2864 517 2916 lll.
562 2856 689 2913 Poterat
710 2854 802 2913 multo
824 2849 1009 2910 commodius
1032 2860 1184 2913 Euururuss
1208 2857 1253 2915 af·

135 2961 230 3032 ferre,
259 2960 289 3016 in
316 2947 425 3037 quibus
456 2962 535 3019 infra
565 2960 723 3019 ostendam
744 2962 913 3021 Varronem
936 2960 1097 3020 multorum
1118 2964 1253 3042 philoso-

134 3066 262 3145 phorum
281 3058 460 3145 θεωρήματα
481 3068 677 3147 percurrisse,
700 3066 813 3125 sedita
831 3073 939 3123 utnon
956 3068 986 3124 in
1005 3087 1066 3126 una
1081 3067 1120 3127 de
1137 3089 1254 3128 summo
1271 3076 1275 3083 ’

134 3172 213 3235 bono
241 3175 468 3247 controversia,
500 3195 578 3254 quae
607 3192 736 3250 regnare
764 3173 796 3229 in
819 3180 989 3239 Sssomumxr.
1011 3173 1149 3247 videtur,
1183 3176 1253 3234 sub-

62 3287 69 3304 *
134 3278 265 3339 sisteret.
311 3280 465 3341 Zenonem
495 3289 576 3340 certe
606 3302 645 3340 ne
671 3280 713 3338 ibi
734 3278 857 3358 quidem
881 3280 1106 3340 desideramus:
1131 3282 1195 3342 vid.
1216 3284 1253 3343 fr.

135 3397 178 3450 25.
215 3386 319 3464 Quare
341 3407 379 3445 ne
401 3388 555 3465 praesidio
572 3388 718 3448 destituta
737 3395 818 3446 esset
834 3388 1019 3459 coniectura,
1040 3387 1255 3467 inquirendum

135 3503 210 3566 erat,
235 3515 274 3569 an
294 3494 348 3553 illa
366 3494 437 3553 talis
462 3505 543 3554 esset
565 3494 784 3554 sententiarum
797 3492 949 3579 affinitas
971 3500 1004 3550 ut
1025 3493 1105 3551 ult-ro
1129 3493 1185 3552 sub
1209 3494 1253 3552 di·

79 3610 88 3617 ”
135 3602 231 3661 versis
262 3602 357 3660 titulis
386 3587 499 3660 allatae
522 3602 670 3681 reliquiae
691 3601 722 3657 in
744 3609 836 3657 un'um
860 3599 1050 3679 eundemque
1074 3599 1253 3679 disputatio·

135 3711 181 3768 nis
204 3709 347 3768 ambitum
364 3709 451 3785 quasi
468 3707 686 3766 coalescerent.
718 3705 785 3763 Nee
801 3704 1013 3782 neglegendae
1029 3714 1116 3764 erant
1132 3714 1254 3766 ceterae

136 3835 215 3894 quae
238 3810 305 3885 περὶ
327 3800 472 3884 octodorus
490 3814 622 3871 citantur
642 3812 801 3892 reliquiae,
825 3831 864 3869 an
886 3830 947 3868 non
970 3811 1090 3871 alienae
1114 3823 1217 3872 essent
1238 3835 1256 3872 a

135 3926 313 3984 Sassurusrxrs
329 3929 517 3995 argumento.
550 3920 654 3998 Atque
672 3918 805 3976 concedo
824 3923 893 3974 Ilum
915 3925 1054 3975 Arpocras
1070 3920 1123 3978 frr.
1144 3929 1160 3980 2
1179 3929 1209 3979 et
1227 3931 1254 3992 3,

137 4044 263 4104 quorum
285 4023 362 4082 illud
385 4032 415 4083 et
437 4027 535 4104 ipsum
557 4035 684 4103 tangere
700 4025 924 4110 philosophiam
946 4024 1077 4095 videtur,
1099 4024 1158 4083 hoe
1183 4046 1253 4084 exo·

135 4133 241 4190 rientis
267 4132 359 4190 lunae
383 4132 619 4211 appellationem
642 4134 792 4204 continet,
821 4152 913 4211 posse
936 4131 993 4190 sibi
1017 4131 1117 4189 looum
1138 4130 1170 4189 in
1194 4137 1255 4187 Sus-

135 4259 255 4302 ouromxa
288 4257 407 4316 parare.
452 4237 534 4296 Illud
559 4257 650 4312 voro,
680 4259 738 4318 quo
767 4238 955 4298 Mercklinus
980 4239 1110 4296 maxime
1138 4238 1253 4310 nititur,

136 4346 338 4423 fragmentum
359 4343 519 4423 quominus
542 4364 609 4403 cum
632 4351 809 4418 Srsouusuus
833 4343 871 4402 de
891 4346 1014 4404 Zenone
1037 4353 1069 4403 et
1090 4343 1253 4404 Oamoade

646 4438 650 4461 l
