2760 4890
217 337 275 399 138
644 345 902 415 eournomuuu

158 556 160 561 .
212 507 336 590 quidem
358 506 478 566 videtur
504 505 772 585 reprehensionem
795 506 967 585 defugisse,
990 511 1169 579 vindicavit.
1213 515 1262 573 Eo
1285 533 1329 572 me

212 616 327 675 ducunt
347 615 424 673 haec
449 613 633 689 fragmenta:

296 751 345 809 XI
368 748 427 828 (15)
454 752 496 808 Ne
516 768 559 807 me
577 737 711 823 pedatus¹
725 764 859 808 verarum
882 755 984 809 tardor
1006 762 1144 826 aeprenet
1167 764 1245 812 tarta
1267 774 1328 814 cam

205 863 353 936 pritymoa
375 865 485 916 certam
1095 871 1098 875 ’

291 995 358 1056 XII
387 991 446 1072 (10)
485 994 567 1061 Quod
593 1001 689 1049 utram
718 996 754 1049 sit
778 1012 912 1066 acapnum
941 1015 979 1053 art
1000 1015 1142 1070 parvam,
1171 1000 1264 1072 facile
1292 1019 1327 1056 aa

206 1107 327 1179 diffical.

208 1257 344 1335 Quorum
361 1256 444 1334 prius
465 1253 600 1330 graviter
623 1260 796 1329 corruptum
822 1254 866 1311 ita
888 1253 1017 1313 traditur
1038 1255 1121 1335 apud
1141 1257 1278 1317 Nonium
1295 1280 1323 1338 p.

206 1374 267 1437 229,
290 1373 340 1435 23,
367 1370 400 1419 ut
426 1380 517 1437 supra
540 1359 664 1437 scripsi:
693 1359 724 1416 in
747 1357 854 1438 quibus
876 1379 968 1418 unum
989 1360 1190 1438 probabiliter
1208 1365 1324 1442 Popma

207 1470 353 1528 correxit:
390 1468 519 1540 refrenet
547 1473 626 1527 arta·
666 1467 785 1545 reliqua
812 1465 911 1525 adhuc
940 1487 1059 1542 manum
1087 1467 1324 1530 emendatricem

188 1582 387 1654 expectant,
409 1569 530 1651 quando
554 1591 612 1629 nec
631 1574 712 1651 illius
732 1595 790 1633 nec
813 1573 939 1633 Oehleri
962 1583 1088 1633 conatus
1111 1593 1220 1633 verum
1243 1597 1322 1635 asse-

207 1683 258 1761 qui
280 1679 435 1740 videntur:
462 1679 515 1757 qui
534 1687 637 1738 tamen
651 1678 782 1758 ῥυθμῶν
800 1683 992 1755 recteeruit,
1017 1702 1147 1762 quocum
1160 1702 1218 1760 ego
1234 1684 1322 1761 iunge

182 1797 315 1851 ,certum
343 1788 371 1846 h.
395 1807 422 1845 e.
446 1794 604 1855 certorum,
634 1795 668 1844 ut
695 1789 755 1845 iam
782 1788 860 1846 haec
884 1788 1040 1847 commode
1061 1788 1248 1868 procedant:
1279 1808 1322 1849 re-

203 1896 302 1968 frenet
324 1901 387 1950 arte
408 1895 561 1967 rlrytltmoa
580 1901 698 1951 certam.
746 1894 891 1954 Genetivi
916 1894 1042 1954 formam
1063 1904 1173 1954 certam
1194 1917 1257 1956 non
1278 1907 1323 1958 est

170 1985 173 1990 ’
207 2000 288 2080 quod
303 2000 404 2058 multis
420 1998 585 2077 approbem
601 1997 683 2076 apud
696 2000 879 2064 Varronem:
896 2004 940 2061 sic
955 2002 1036 2060 idem
1049 2002 1081 2060 in
1092 2010 1270 2063 Euurmmuus
1286 2007 1321 2065 fr.

201 2119 239 2171 ,40
264 2112 375 2167 Gallam
395 2126 449 2185 pro
474 2108 630 2174 Gallorum,
656 2111 827 2181 etcaduca,
854 2113 894 2165 ut'
908 2108 1060 2181 Lucilius,
1084 2111 1167 2189 apud
1189 2112 1321 2171 Nonium

203 2237 233 2294 p.
256 2224 317 2287 544,
344 2226 385 2276 15.
424 2213 472 2272 Of.
496 2212 636 2289 Scaliger
658 2212 690 2269 in
712 2214 922 2273 coniectaneis
944 2236 974 2293 p.
995 2223 1056 2277 230.
1090 2219 1232 2292 Rhytlrmr'
1251 2226 1323 2279 certi

201 2331 305 2382 autem
333 2322 385 2400 qui
411 2328 575 2390 vocentur,
604 2317 656 2376 vel
675 2319 797 2379 Horatii
816 2320 956 2380 versibus
983 2322 1134 2382 illustrare
1160 2323 1235 2383 licet
1262 2335 1318 2388 sat.

203 2432 270 2501 14,
297 2437 330 2492 47
361 2432 417 2486 nisi
443 2430 519 2500 qaod
537 2429 613 2499 pede
640 2435 718 2483 certo
743 2429 852 2502 Differt
868 2433 1007 2499 sermoni,
1037 2446 1131 2487 sermo
1150 2450 1262 2496 merua
1290 2442 1320 2492 et

203 2535 276 2595 ibid.
299 2547 333 2598 58
360 2545 490 2608 tempora
514 2531 596 2590 cella
619 2532 780 2606 modosque.
827 2534 875 2593 of.
896 2535 1068 2595 Heindorfii
1092 2535 1162 2595 adn.
1207 2539 1318 2620 Itaque

201 2640 341 2699 Tibullus
363 2641 396 2699 II
419 2650 443 2712 l,
467 2651 515 2701 51:
539 2643 666 2696 ecantavit
687 2646 764 2696 certo
786 2646 896 2699 rustica
921 2645 1007 2700 uerba
1024 2647 1108 2715 pede.
1146 2643 1214 2702 Iam
1237 2646 1318 2724 quod
1374 2690 1377 2694 -

201 2749 245 2807 ita
264 2746 405 2806 scribitur
423 2766 487 2804 cum
501 2751 658 2820 pritymoa,
681 2746 711 2802 in
731 2765 766 2803 eo
785 2745 883 2805 latere
906 2750 1042 2827 suspicor
1065 2755 1197 2824 compari
1217 2752 1325 2828 rhyffiss

183 2874 280 2925 ‘mora
310 2853 390 2911 unde
417 2854 495 2912 haec
520 2874 600 2912 nunc
623 2852 714 2910 totius
737 2851 797 2909 loci
820 2854 1017 2914 conformatio
1040 2856 1188 2936 prodeat:
1219 2878 1255 2918 ne
1274 2880 1317 2920 me

196 2965 322 3034 pedatus
344 2977 476 3018 versuum
504 2964 605 3018 tardor
628 2956 765 3030 refrenet,
779 2968 843 3015 arte
864 2965 996 3034 compari
1015 2964 1168 3036 rhythmos
1189 2976 1317 3027 certam:

200 3069 258 3128 hoo
281 3077 338 3140 est,
361 3085 396 3125 ne
415 3072 523 3141 perlata
544 3084 676 3141 verarum
699 3068 835 3123 tarditate
857 3058 985 3123 retineor
1004 3074 1235 3142 aequabilitatem
1254 3093 1316 3132 cer-

198 3186 292 3235 toram
318 3192 503 3234 numerorum
530 3152 659 3250 seratas:
695 3191 786 3250 quam
808 3173 989 3231 sententiam
1011 3173 1085 3234 licet
1106 3177 1157 3236 vel
1179 3178 1223 3238 ita
1246 3201 1314 3260 sup·

198 3285 297 3364 plere:
320 3286 399 3342 varie
413 3289 441 3339 et
455 3284 582 3338 uersibus
597 3289 624 3337 et
640 3296 769 3337 sermone
785 3283 904 3337 miscere
920 3285 1077 3359 orationem
1093 3287 1197 3358 placet.
1226 3285 1314 3365 Quae

198 3389 320 3470 quidem
349 3387 501 3446 sententia
525 3385 597 3443 mibi
624 3386 720 3462 magis
744 3386 906 3444 convenire
929 3388 1058 3447 Varroni
1079 3388 1202 3450 videtur
1223 3414 1314 3472 quam

197 3495 278 3576 quod
302 3490 491 3552 emendando
516 3488 666 3549 Oehlerus
688 3491 798 3549 effecit.
831 3490 881 3549 sie
902 3493 981 3551 enim
1000 3494 1055 3553 ille
1075 3515 1161 3554 suam
1184 3500 1312 3578 scriptu-

195 3621 275 3660 ram:
304 3616 355 3656 nec
386 3615 429 3654 me
455 3614 487 3668 p.
516 3615 539 3653 u.
568 3600 670 3654 tardor
700 3599 846 3670 refrenet:
874 3601 957 3656 tarde
985 3603 1059 3658 enim
1076 3607 1157 3676 perit
1182 3602 1313 3682 ῥυθμῶν

195 3718 314 3779 sertam,
334 3705 483 3764 illustrat:
510 3701 597 3761 ‘dicit
614 3723 698 3775 sese,
717 3704 875 3783 quominus
893 3706 1027 3786 carmina
1041 3717 1165 3786 pangat,
1188 3707 1312 3773 minime

195 3814 258 3891 pati
280 3809 434 3891 prohiberi
456 3810 578 3885 ingenio
600 3831 664 3882 suo,
693 3808 795 3887 paullo
819 3809 951 3869 tardiore
975 3813 1005 3870 in
1022 3809 1159 3876 versibus
1176 3822 1311 3880 numeris

195 3917 256 3975 suis
279 3912 519 3990 adstringendis:
542 3936 683 3975 versuum
707 3917 787 3974 enim
809 3926 891 3975 serta
911 3938 971 3976 non
993 3938 1090 3999 aeque
1106 3929 1225 3982 mature
1242 3946 1310 4004 per-

194 4024 238 4081 ire
260 4041 350 4101 quam
372 4021 501 4078 florum!
544 4020 684 4082 Hancine
705 4044 847 4083 versuum
871 4022 1076 4083 cudendorum
1098 4027 1309 4092 difficultatem

193 4130 379 4199 Varronem,
408 4129 550 4205 quoniam
572 4127 610 4187 de
633 4149 666 4188 se
688 4131 755 4208 ipse
774 4131 921 4209 loquitur,
945 4141 996 4191 aut
1018 4153 1092 4192 vere
1118 4113 1233 4220 dixisse
1257 4149 1310 4197 aut

125 4233 128 4238 ’
194 4230 375 4291 simulasse?
418 4232 455 4291 In
490 4253 557 4292 meo
586 4255 659 4294 vero
697 4250 806 4295 conatu
835 4236 963 4316 primum
997 4238 1111 4319 duplex
1139 4241 1309 4322 hypallage

193 4337 413 4445 adieetivprum
439 4357 500 4397 non
526 4339 676 4413 offendet,
700 4361 769 4400 cum
791 4357 823 4402 et
844 4363 951 4404 versus
965 4346 1075 4433 'potius
1092 4367 1184 4427 quam
1204 4350 1310 4410 tardor
