2760 4890
161 305 220 366 148
589 317 845 365 consessum.

246 478 262 536 Ι
286 475 328 554 (⁶2)
363 475 519 548 Menippus
540 479 587 533 ille
609 479 709 535 scottis
728 478 871 551 quondcim
892 482 973 535 conis

363 583 419 639 Hie
441 583 523 655 liquit
542 585 670 641 hemines
690 586 788 642 emeres
807 589 836 641 iu
860 583 960 642 terreri
978 586 1049 656 pila.

160 737 292 808 Menippi
314 753 425 792 nomen
454 733 535 814 quod
557 735 694 813 proxime
722 735 911 815 praecedens
938 735 1096 814 inscriptio
1128 736 1202 809 Tese
1224 737 1280 792 Mi-

161 846 251 915 nippe
274 838 440 919 absorpsit,
467 839 606 917 Scaliger
627 843 759 901 restituit
780 843 811 901 in
834 841 991 900 catalectis
1014 863 1044 920 p.
1071 851 1135 914 188,
1165 840 1280 900 eidem-

163 966 222 1027 que
244 946 371 1006 debetur
389 951 472 1020 liquit
491 965 546 1023 pro
561 950 671 1020 linquit,
697 949 779 1029 quod
799 951 887 1008 estin
902 946 988 1006 libris
1004 945 1096 1006 Nonii
1113 966 1145 1024 p.
1160 955 1222 1016 333,
1235 955 1280 1006 24.

161 1056 317 1114 Mercerus
341 1053 422 1132 quod
441 1055 620 1131 scripturam
642 1053 787 1112 librorum
804 1059 834 1112 te
856 1062 937 1112 terre
949 1059 1013 1128 pita
1033 1051 1194 1133 approbat,
1216 1054 1281 1112 scio

162 1181 223 1240 qua
249 1161 281 1219 id
304 1160 421 1218 ratione
449 1159 560 1232 faciat,
591 1159 645 1218 sed
672 1171 827 1238 praestare
859 1158 988 1219 arbitror
1009 1159 1161 1237 Scaligeri
1182 1169 1282 1217 terrae

157 1271 229 1340 pilo.
257 1266 400 1326 Ceterum
422 1285 489 1323 cum
511 1266 542 1323 in
564 1265 649 1324 libris
672 1268 711 1325 sit
733 1270 839 1325 sectiles
854 1310 885 1323 ..
909 1270 1000 1336 cenis,
1022 1275 1107 1325 reete
1129 1271 1281 1326 nobilis..

161 1379 244 1432 cenis·
266 1371 421 1431 scribitur:
449 1370 587 1448 Scaliger
609 1371 730 1451 quidem
753 1390 914 1448 perperam
935 1375 1041 1429 nobiles
1063 1417 1069 1429 .
1095 1417 1102 1431 .
1125 1391 1223 1431 canes.

246 1481 330 1554 Ergo
358 1474 486 1554 putandi
514 1473 584 1534 s'unt
606 1478 839 1536 interlocutores
863 1476 902 1535 ad
924 1479 1062 1558 Menippi
1082 1480 1283 1560 'sepulchrum

164 1592 319 1643 constare:
353 1581 411 1640 nec
438 1580 549 1639 desunt
583 1582 747 1661 reliquiae,
778 1601 856 1662 quae
882 1603 920 1642 ex
948 1584 1007 1643 hoc
1042 1568 1108 1664 ipso
1141 1605 1283 1644 sermone

163 1691 319 1751 delibatae
348 1684 526 1758 videantur,
560 1706 638 1767 quae
667 1685 744 1744 illud
769 1707 890 1768 quoquc
912 1689 1063 1764 indicant,
1086 1690 1217 1750 alterum
1237 1692 1283 1748 in·

164 1797 380 1855 terlocutorum
413 1802 444 1851 et
475 1793 574 1871 ipsum
601 1792 697 1850 fuisse
725 1792 879 1870 cynicum,
914 1815 1021 1873 parum
1045 1797 1074 1855 ei
1101 1805 1209 1854 sectae
1237 1796 1282 1854 fa·

164 1902 246 1977 visse
268 1900 405 1983 alterum.

250 2054 284 2112 Π
308 2051 349 2132 ()
380 2054 485 2110 Saltem
514 2052 649 2126 infernus
677 2059 786 2107 tenetor
808 2040 823 2106 ὁ
845 2018 936 2122 elate
955 2050 1093 2139 δαίμων,
1121 2061 1208 2127 etque
1230 2057 1283 2111 leu-

165 2166 229 2220 beet
254 2164 382 2218 homiues
408 2163 554 2227 sollicitos,
594 2160 670 2231 qued
704 2173 767 2212 eum
797 2160 884 2228 peine
908 2161 1069 2232 formident
1096 2179 1183 2234 quem
1207 2162 1286 2236 [utto

165 2271 282 2328 elutum.

183 2352 201 2387 ¹
249 2399 368 2477 1110)
389 2402 447 2458 Sed
468 2408 500 2457 ut
521 2403 603 2457 cenis
625 2403 686 2456 siae
709 2403 781 2457 cocto

248 2553 294 2612 IV
315 2551 357 2630 (3)
385 2554 538 2627 Diogenem
561 2555 673 2610 litteras
691 2556 793 2622 scisse,
817 2560 875 2608 tem
898 2556 993 2610 esteroi
1010 2556 1087 2627 quod
1107 2557 1179 2611 sutis
1198 2563 1284 2623 esset,

164 2670 223 2717 tum
246 2662 424 2733 quodetiam
444 2660 560 2714 eeroest
580 2659 715 2715 bellorum
738 2660 890 2715 hominum.

166 2811 285 2888 Nempe
305 2811 343 2868 fr.
365 2809 398 2868 ΙΙ
418 2807 500 2887 quod
522 2808 617 2888 primo
640 2809 775 2886 proxime
799 2808 960 2885 adhaeret,
984 2810 1022 2871 de
1046 2810 1155 2869 eodem
1173 2798 1286 2869 dicitur

165 2917 326 2995 Menippo,
355 2916 406 2994 qui
433 2916 494 2973 iam
524 2935 585 2972 non
611 2917 691 2975 inter
719 2916 857 2975 homines
878 2926 1025 2990 moretur,
1050 2925 1206 2995 tamquam
1228 2914 1284 2972 hu-

165 3023 245 3081 mani
271 3021 392 3098 generis
419 3020 633 3096 calumniator,
664 3021 720 3080 sed
749 3030 852 3082 tamen
874 3031 907 3082 ut
930 3042 1088 3100 emergens
1110 3040 1126 3079 e
1148 3018 1285 3079 tenebris

165 3118 256 3199 κακὸς
277 3125 390 3204 δαίμων
410 3126 547 3184 homines
567 3130 710 3186 continua
732 3128 938 3188 sollicitudine
962 3128 1127 3206 perturbet.
1172 3127 1285 3186 Talem

162 3237 246 3296 enim
273 3236 337 3294 fere
365 3233 472 3292 videor
501 3234 683 3292 sententiam
712 3253 880 3309 agnoscere
909 3236 1030 3296 axillis
1054 3233 1174 3306 verbis,
1205 3253 1285 3312 quae

166 3351 306 3421 corrupte
333 3342 476 3417 leguntur
505 3339 537 3397 in
562 3340 789 3418 exemplaribus
808 3342 902 3401 Nonii
921 3362 951 3420 p·
970 3350 1042 3412 -318,
1067 3349 1099 3402 12
1128 3340 1284 3423 ‘Habere'

162 3451 274 3524 secere.
318 3450 410 3506 Verre
434 3447 507 3521 Tese
527 3447 660 3519 Minippu
683 3445 795 3506 ‘saltem
816 3450 952 3526 infernus
974 3451 1089 3506 tenebre
1110 3433 1203 3517 κακὸς
1220 3442 1284 3502 δαί-

164 3573 221 3629 μον
249 3563 335 3628 etque
363 3556 466 3611 testreet
495 3555 622 3615 semines
649 3557 797 3625 sollicitos,
829 3559 988 3629 quodcum
1007 3557 1093 3627 peius
1111 3553 1284 3626 formident,

165 3681 251 3734 quem
271 3660 346 3734 [ulle
368 3663 456 3718 utute.
501 3659 538 3717 In
561 3678 620 3737 quo
643 3661 717 3733 tria,
742 3680 821 3740 quae
844 3660 927 3720 levia
949 3668 1028 3732 sunt,
1053 3659 1124 3716 olim
1145 3667 1286 3717 correcta

166 3776 250 3826 sunt:
274 3764 400 3843 δαίμων,
431 3784 508 3835 eum,
538 3769 655 3823 alutem.
699 3767 737 3824 In
753 3749 885 3845 reliquis
905 3784 964 3824 nec
987 3765 1039 3823 alii
1061 3782 1119 3823 nee
1140 3764 1178 3837 is,
1198 3764 1285 3822 cuius

167 3892 258 3950 supra
281 3874 475 3950 ‚scripturam
509 3858 663 3948 expressi,
702 3870 854 3931 Oehlerus
883 3889 1029 3949 prospere
1060 3871 1175 3930 versati
1203 3880 1283 3930 sunt.

167 3976 368 4036 Desideratur
389 3978 420 4034 in
444 3972 556 4033 tradita
578 3977 728 4054 scriptura
750 3976 877 4036 verbum
898 3975 981 4056 quod
1003 3978 1107 4035 babeat
1129 3978 1283 4037 vocabulo

166 4080 360 4158 respondeat,
382 4081 414 4139 id
434 4081 515 4160 quod
534 4080 606 4139 mihi
622 4101 683 4139 non
697 4081 797 4141 lenius
814 4081 903 4141 simul
919 4089 972 4140 aut
988 4083 1088 4160 aptius
1107 4086 1284 4162 recuperari

163 4186 284 4244 videtur
312 4206 403 4265 quam
428 4188 595 4264 praemisso
624 4193 675 4246 stt:
708 4193 745 4246 sit
770 4192 871 4246 saltem
895 4179 987 4259 κακὸς
1017 4187 1138 4265 δαίμων.
1192 4190 1283 4268 Quae

162 4290 263 4349 media
289 4299 358 4348 sunt
385 4293 520 4366 infernus
547 4298 663 4352 tenebre
690 4293 801 4353 leviter
830 4294 998 4372 depravata
1020 4293 1151 4354 arbitror
1173 4315 1212 4354 ex
1234 4296 1282 4356 his
