2760 4890
563 319 820 373 conmortuus.
1209 310 1247 373 51

129 484 273 555 pum,
309 480 429 541 confert
454 501 534 562 quae
561 482 686 542 diversa
713 490 799 555 sunt,
827 502 1016 564 quorumque
1041 481 1251 543 diversitatem

130 590 199 667 ipss
226 588 347 648 Nonius
373 588 615 666 significaverat,
646 608 714 648 cum
742 611 773 670 p.
795 599 862 665 374,
894 601 927 654 13
953 590 1000 649 illi
1028 587 1168 666 exemplo
1191 588 1251 649 boc

130 694 244 755 lemma
256 711 380 769 poscere
400 698 544 769 upnificol
560 706 671 771 petere,
694 697 764 756 huic
784 716 858 756 vero
878 713 999 769 poscere
1015 698 1149 770 accipere
1161 715 1250 775 prae·

130 801 276 862 misisset.
312 800 401 880 Quae
418 801 492 862 licet
511 803 610 863 mirae
628 804 690 863 sint
712 803 943 883 explicationes,
966 803 1027 861 vim
1042 811 1145 862 tamen
1162 801 1251 863 verbi

88 894 91 899 ’
130 900 295 993 utrobique
310 905 435 982 ¹Nonius
457 918 541 989 recte
559 909 671 987 tetigit.

220 1009 375 1073 Conclusa
402 1015 457 1075 illa
483 1009 619 1088 ἐπιδείξει
647 1014 845 1074 interlocutor
874 1034 942 1074 eam
963 1035 1081 1074 omnem
1101 1016 1249 1075 rationem

132 1119 310 1179 examinare
330 1120 452 1200 incipit:
474 1121 551 1181 nihil
572 1142 641 1183 esse
664 1121 793 1181 scrutari
810 1100 889 1180 caeli
910 1121 1029 1200 plagas,
1053 1129 1084 1179 et
1102 1140 1148 1194 ea,
1170 1140 1250 1201 quae

133 1224 231 1285 cuivis
248 1226 388 1305 proxima
408 1228 484 1303 sint,
503 1228 677 1306 neglegere.
721 1228 760 1287 In
780 1247 839 1308 quo
857 1226 993 1287 Socratis
1015 1225 1136 1286 videtur
1157 1233 1250 1286 attes-

132 1337 215 1390 tatus
243 1333 456 1392 auctoritatem
485 1351 569 1408 esse,
600 1336 668 1415 qui,
697 1342 731 1393 ut
754 1333 864 1394 Cicero
887 1333 946 1406 ait,
981 1333 1095 1410 primus
1118 1331 1249 1392 erebus

133 1437 264 1497 occultis
292 1446 324 1498 et
348 1438 387 1498 ab
414 1440 483 1519 ipsa
510 1447 619 1499 natura
646 1440 791 1500 involutis
814 1439 956 1497 avocavit
975 1439 1198 1519 philosophiam
1220 1448 1252 1498 et

134 1541 175 1602 ad
195 1545 291 1604 vitam
312 1565 500 1605 communem
523 1545 661 1606 adduxit.
706 1545 753 1606 cf.
781 1544 920 1604 Platonis
941 1544 1103 1605 Phaedrus
1123 1567 1154 1625 p.
1172 1546 1255 1610 illis

134 1658 167 1709 et
187 1650 404 1731 Xenophontis
425 1672 531 1714 comm.
552 1654 599 1714 IV
614 1662 641 1727 2,
663 1661 708 1714 24.
751 1649 828 1710 Inde
850 1651 930 1709 enim
949 1650 1072 1712 videtur
1094 1662 1160 1713 orta
1182 1672 1252 1713 esse

133 1756 331 1834 interrogatio
350 1756 529 1845 adversarii,
552 1759 667 1818 ironiae
691 1756 792 1816 colore
815 1757 925 1816 tincta:

220 1902 235 1955 l
260 1894 381 1953 'Nonne
401 1898 542 1954 homiuem
561 1898 691 1954 scribunt
712 1911 773 1951 esse
795 1896 955 1967 praedibus
977 1899 1152 1968 superciliis,
1185 1899 1252 1954 silo·

176 2016 256 2070 nem,
280 2004 464 2075 quadratum,
488 2005 565 2078 quod
585 2004 699 2061 Silenus
721 2003 840 2057 hirsutis
862 2005 1025 2072 superciliis
1043 2006 1244 2079 fiupereturtl

137 2133 254 2212 Quibus
266 2136 418 2196 neminem
428 2138 488 2197 nisi
501 2138 659 2199 Socratem
672 2135 836 2212 designari,
850 2133 993 2195 Tiberius
1001 2137 1251 2196 Hemsterhusius

135 2244 293 2321 perspexit
315 2243 354 2303 ad
375 2243 506 2304 Luciani
527 2244 664 2323 dialogos
686 2252 871 2303 mortuorum
890 2241 955 2300 XX
971 2252 997 2315 4,
1022 2243 1114 2301 allato
1135 2243 1251 2303 scholio

135 2348 166 2407 in
191 2348 409 2430 Aristophanis
431 2350 556 2411 nubium
578 2374 607 2412 v.
631 2360 684 2416 223
703 2346 823 2431 ἐλέγετο.
836 2346 868 2410 δὲ
888 2338 903 2408 ὃ
924 2341 1085 2428 Σωκράτης
1102 2339 1157 2425 τὴν
1179 2341 1253 2426 ὄψιν

137 2452 273 2539 Σειληνῷ
293 2456 527 2535 παρεμφαίνειν·
553 2449 637 2534 σιμός
652 2477 683 2517 τε
697 2446 754 2538 γὰρ
772 2455 823 2518 καὶ
844 2444 998 2536 φαλακρὸς
1020 2437 1068 2532 ἦν.
1110 2455 1159 2518 cf.
1180 2456 1252 2517 Pla·

136 2563 215 2621 tonis
242 2564 416 2624 convivium
442 2586 473 2645 p.
502 2564 579 2629 msb
614 2585 682 2624 cum
711 2564 904 2625 Stallbaumii
931 2561 1137 2623 adnotatione.
1190 2562 1254 2622 Sed

137 2668 174 2729 de
203 2671 357 2750 scriptura
388 2673 453 2732 eius
482 2673 645 2750 fragmenti
666 2670 778 2732 'oborta
807 2673 879 2733 mihi
902 2669 1050 2730 dubitatio
1071 2679 1127 2730 est.
1171 2668 1254 2729 Illud

137 2774 353 2851 leviusculum,
382 2777 463 2859 quod
484 2779 516 2837 in
533 2778 625 2837 Nonii
646 2778 732 2838 libris
754 2800 784 2858 p.
806 2789 857 2852 25,
881 2787 916 2841 23
942 2797 1000 2836 uon
1020 2798 1109 2837 unum
1130 2777 1253 2854 legitur,

138 2881 173 2941 ab
193 2880 330 2944 Oehlero
351 2883 550 2964 probabiliter
571 2885 602 2943 in
624 2888 764 2944 bominem
781 2894 965 2945 correctum:
990 2883 1089 2963 possis
1108 2883 1198 2941 etiam
1215 2880 1254 2941 da

138 2991 258 3048 Murrio
281 2990 432 3067 cogitare,
461 3012 540 3072 quae
563 2989 661 3049 forma
683 2993 806 3071 saepius
828 2993 860 3049 in
882 2990 929 3050 his
952 2989 1090 3071 reliquiis
1113 2989 1253 3047 occurrit.

138 3092 234 3175 lingis
257 3096 372 3156 haereo
394 3098 426 3158 in
447 3099 554 3172 Nonii,
585 3097 665 3179 quod
690 3098 793 3158 verbis
815 3098 962 3158 Varronis
984 3095 1157 3176 praemisit,
1179 3095 1253 3154 lem·

139 3210 231 3263 mate:
258 3204 386 3284 {uloues'
399 3209 562 3279 superciliis
580 3207 807 3280 prominentibus
829 3208 911 3274 dieti,
934 3205 1142 3277 sipuificulioue
1163 3204 1255 3260 moni-

137 3310 220 3383 feriu.
236 3308 300 3371 01ιί
309 3311 506 3390 explicationi
518 3332 586 3371 cum
600 3311 679 3371 obsit
690 3310 812 3370 testium
828 3309 955 3368 aliorum
969 3327 1145 3380 consensus,
1158 3311 1210 3365 silo
1224 3315 1255 3365 et

139 3420 205 3477 silus
224 3437 321 3478 voces
333 3437 394 3476 non
407 3416 521 3479 distare
535 3437 674 3496 agraeco
689 3406 773 3493 σιμός
786 3414 838 3494 (of.
851 3417 964 3475 Festus
976 3434 1007 3492 p.
1019 3422 1072 3476 340
1082 3413 1125 3471 M.
1137 3413 1254 3472 Plinius

139 3522 185 3583 XI
195 3521 217 3600 ἓ
231 3522 307 3604 los),
325 3532 388 3583 tum
399 3545 440 3586 ne
452 3525 636 3603 suffragatur
649 3523 771 3604 quidem
783 3522 930 3583 Varronis
946 3519 1127 3598 exemplum,
1151 3521 1182 3578 in
1194 3539 1254 3599 quo

140 3630 218 3710 quod
237 3632 325 3690 iuxta
344 3637 497 3711 ponuntur
517 3634 677 3706 praedibus
699 3633 863 3703 superciliis
885 3635 916 3686 et
938 3632 1065 3696 silonem,
1085 3625 1189 3706 dispar
1210 3625 1253 3685 lo-

140 3738 291 3798 cutionum
310 3737 393 3796 notio
412 3737 565 3816 proditur:
586 3745 620 3796 ut
641 3738 672 3796 in
694 3736 798 3796 Plauti
821 3733 963 3794 Rudente
984 3742 1036 3797 317
1055 3734 1102 3808 (ΙΙ
1121 3743 1147 3808 2,
1168 3733 1232 3814 ltlz

959 3834 1087 3929 licquem

288 3962 442 4041 Respiluom
465 3982 500 4022 oc
520 3963 637 4022 silonem
660 3979 771 4032 seuem,
791 3964 944 4032 statutum,
964 3964 1148 4031 veretriiisum,

292 4068 388 4128 Torlis
405 4070 579 4143 superciliis,
598 4077 748 4126 contrecto
767 4069 877 4142 seinte,
896 4069 1137 4143 fraudulentum?

140 4203 181 4263 Ar
200 4225 277 4265 varo
292 4204 391 4266 Varro
406 4205 481 4284 ipse,
501 4205 609 4286 inquit,
633 4203 739 4262 silonis
754 4203 816 4262 vim
828 4225 906 4279 eam,
929 4224 1020 4285 quam
1034 4202 1151 4261 Nonius
1165 4220 1251 4260 secu·

138 4320 186 4371 tus
206 4321 270 4388 est,
298 4311 412 4391 additis
436 4315 513 4386 quod
534 4314 647 4371 Silenus
664 4316 784 4371 hirsulis
803 4315 965 4386 superciliis
982 4313 1143 4384 'inperetur
1162 4303 1252 4381 signi·

849 4408 856 4415 .
1008 4411 1027 4466 4
1037 4408 1050 4442 *
