2760 4890
546 326 801 417 contueremur.
1170 358 1225 417 151

108 527 162 584 De
194 524 369 605 praebitore
400 525 532 584 convivii
552 525 667 604 opinor
691 525 747 584 illa
773 524 927 586 dicuntur:
966 530 1103 600 perrorat
1135 531 1165 586 in
1188 533 1230 587 tn-

108 635 229 690 terioris
251 640 356 705 partes
382 635 493 707 domato
515 636 660 703 posticae,
694 631 746 691 ubi
769 640 832 691 tam
861 631 962 690 culina
992 652 1082 711 quam
1106 634 1173 693 oeci
1201 643 1232 694 et

108 736 262 811 triclinia,
283 737 315 818 in
336 736 445 818 quibus
465 736 656 812 cenitabant,
680 739 739 797 sita
758 745 854 798 erant.
897 737 945 797 Of.
969 737 1077 798 Gallus
1098 739 1231 801 Beckeri

109 844 146 903 ΙΙ
166 864 197 923 p.
221 853 272 908 188
291 863 338 925 sq.
367 853 448 924 etp.
472 851 532 906 170.
582 844 792 925 Eiusdemque
821 844 933 904 domini
959 851 1029 903 sunt
1057 844 1149 903 haec:
1182 848 1232 904 ubi

109 954 203 1021 labet,
229 955 273 1010 ire
305 955 371 1011 licet
397 954 565 1011 occubitum.
616 949 705 1028 Quae
731 952 868 1031 proxime
894 950 1062 1028 sequuntur
1088 960 1230 1031 corrupta

109 1063 198 1117 sunt:
225 1075 284 1116 noc
307 1056 366 1136 qui.
377 1057 575 1138 probabiliter
597 1057 746 1134 corrigam
773 1077 852 1115 nuno
875 1055 1013 1114 invenio:
1043 1057 1227 1118 emendatio-

109 1183 181 1222 nem
207 1162 330 1243 quidem
358 1184 420 1223 non
448 1162 577 1223 arbitror
605 1182 673 1222 esse
703 1183 784 1235 earn,
811 1182 902 1242 quam
927 1160 1078 1223 Oehlerus
1105 1172 1228 1224 secutus

110 1278 173 1343 est,
198 1270 420 1329 coniecturam:
448 1290 466 1327 o
487 1273 554 1327 sede
575 1278 699 1348 strenue.
744 1267 894 1328 Putabam
919 1279 1037 1342 accepto
1054 1292 1115 1330 non
1136 1271 1228 1332 valde

109 1376 265 1456 frequenti
294 1374 495 1435 ablativorum
522 1373 728 1432 absolutorum
750 1395 879 1453 genere,
909 1383 941 1432 ut
973 1374 1044 1434 inde
1071 1376 1228 1455 pendeant

107 1482 180 1542 illa:
209 1483 277 1541 ‘aba'
294 1485 383 1552 lutet,
403 1485 447 1538 irc
468 1485 533 1540 licet
552 1483 725 1540 occubitam’
749 1469 880 1555 accepto,
903 1489 1028 1538 strenue.
1073 1481 1228 1542 Alimiue

109 1609 208 1649 cenae
235 1589 273 1650 fr.
299 1588 379 1648 VIII
411 1607 508 1666 prope
540 1587 580 1646 ad
612 1588 725 1646 exitum
753 1588 933 1647 deserimur:
968 1586 1118 1646 secundas
1148 1590 1228 1648 enim
1300 1651 1306 1664 ,

108 1716 233 1756 mensas
262 1692 427 1773 significari
454 1712 533 1752 uvae
561 1693 674 1752 indicio
703 1704 782 1754 suut.
826 1695 897 1754 Non
924 1694 1028 1773 inepte
1049 1695 1167 1775 Popma
1189 1697 1228 1756 de

111 1803 222 1882 cynico
257 1799 418 1878 cogitavit,
448 1795 513 1857 ¹nisi
547 1799 628 1878 quod
660 1819 698 1858 ea
730 1821 791 1859 non
818 1810 880 1859 tam
904 1798 1060 1878 dominum
1085 1803 1227 1877 convivii,

109 1928 202 1989 quem
226 1907 340 1980 voluit,
370 1908 460 1986 quam
488 1905 772 1965 econvivatcribus
795 1926 887 1964 unum
910 1906 1060 1978 referunt,
1081 1907 1145 1986 ,qui
1167 1928 1226 1987 quo

110 2014 218 2075 eludat
237 2014 333 2087 illum,
356 2012 478 2091 putidas
498 2032 586 2085 uvas,
608 2020 769 2093 postquam
791 2014 896 2071 acinos
919 2011 1012 2088 elegit
1035 2020 1066 2069 et
1085 2012 1225 2087 comedit,

107 2121 140 2180 in
168 2120 243 2179 lecti
271 2118 390 2198 sponda
413 2117 569 2196 expandit.
613 2120 692 2177 Puto
722 2119 801 2178 euim
829 2126 913 2212 recte
936 2119 1084 2195 Popmam
1104 2139 1143 2178 ex
1164 2120 1225 2179 illis

107 2232 137 2285 in
163 2229 244 2284 lectis
270 2227 414 2299 quondam
444 2224 614 2299 (quondum)
643 2224 760 2283 eruisse
786 2229 816 2284 ia
842 2230 908 2284 lecti
937 2228 1076 2300 spondam
1099 2225 1150 2283 vel
1171 2247 1225 2305 po-

108 2333 169 2390 tius
194 2334 316 2404 sponda.
361 2329 413 2390 Sic
437 2329 625 2411 exemplaria
652 2330 745 2389 Nonii
772 2354 802 2412 p.
830 2341 893 2403 181,
919 2342 952 2395 18
976 2335 1151 2408 quodoprosi
1170 2353 1225 2410 pro

104 2440 267 2512 podaprooi
292 2422 325 2495 in
349 2435 453 2496 Plauti
479 2456 570 2496 versu
599 2445 630 2496 et
652 2457 683 2516 p.
706 2445 774 2510 245,
804 2447 836 2502 11
866 2442 979 2496 Ennius
1007 2443 1143 2512 qaoeaioe
1170 2459 1224 2518 pro
1311 2495 1314 2507 ,

104 2545 226 2617 poenica
245 2540 296 2600 vel
317 2545 468 2601 Phoenice.
501 2543 668 2603 Praeterea
689 2549 830 2618 expandit
852 2543 1064 2621 corrigendum
1087 2530 1225 2626 suspicor

106 2668 163 2728 pro
185 2651 323 2707 extendit.
368 2648 419 2708 Sic
442 2646 612 2707 Columella
630 2649 697 2708 XII
713 2661 744 2713 15
771 2650 856 2726 (ficus
877 2640 969 2726 dotet)
989 2655 1019 2709 r'n
1040 2670 1073 2709 eo
1094 2643 1155 2712 toc'o
1172 2671 1224 2711 ex>-

104 2758 213 2830 pandi‚
236 2757 364 2829 quitata
384 2758 530 2813 diesolem
552 2759 684 2828 acomiot.
715 2754 763 2814 Of.
781 2756 854 2818 ibid.
871 2777 897 2816 c.
915 2766 956 2819 13.
975 2765 1017 2819 14.
1052 2759 1091 2817 In
1108 2759 1225 2838 sponda

107 2869 212 2921 autem
226 2859 310 2935 lecti,
326 2881 387 2919 non
402 2861 433 2918 in
447 2868 512 2919 toro
528 2861 579 2922 vel
593 2862 692 2934 torali,
715 2882 754 2920 ne
770 2863 973 2942 inquinentur,
988 2885 1065 2924 uvas
1081 2865 1223 2946 disponit.

193 2984 252 3044 His
271 2983 403 3060 adiungo
424 2984 535 3056 statim,
560 2983 642 3063 quod
663 3004 756 3062 supra
775 2985 877 3062 tetigi,
898 2988 1114 3065 fragmentum:

193 3136 244 3196 IX
264 3133 331 3215 (15)
359 3137 441 3207 Quot
462 3136 601 3210 coeperas
622 3140 702 3195 modo
724 3137 753 3195 in
777 3142 837 3208 oio,
861 3158 954 3198 norro
977 3145 1007 3199 ott
1029 3146 1068 3200 cd
1090 3148 1224 3202 exodium

1070 3252 1176 3319 deicae,

104 3396 196 3467 licet,
226 3414 286 3473 qno
305 3394 434 3452 maxime
455 3393 621 3472 pertineat,
643 3414 704 3453 non
724 3393 869 3452 dirimam.
915 3395 1127 3474 Septenarium
1146 3410 1222 3459 'iam-

104 3502 208 3562 bicum
230 3500 354 3577 agnovit
376 3499 514 3558 Kochius
536 3500 568 3558 iu
589 3500 855 3560 exercitationibus
871 3522 900 3580 p.
922 3510 978 3586 31„
1003 3503 1050 3562 Ac
1066 3504 1222 3584 subscribo

105 3605 153 3666 illi
174 3606 304 3686 primum
327 3624 378 3675 ca,
408 3625 486 3684 quae
512 3613 749 3666 consentaneam
769 3607 898 3664 maxime
919 3604 1050 3668 sermon'i
1070 3612 1223 3670 convivali

105 3717 263 3770 recentem
282 3709 416 3769 ciborum
438 3710 622 3789 opulentiam
642 3719 672 3770 ct
694 3713 844 3772 luxuriam
863 3720 1005 3790 tangunt:

129 3879 138 3894 ·
191 3862 224 3921 X
248 3859 307 3940 (m)
335 3864 456 3921 Romam
478 3857 698 3939 ψαμμακόσιοι,
728 3885 784 3924 nom
806 3871 857 3941 qai
875 3872 904 3924 im
931 3871 1001 3926 urbe
1021 3872 1097 3927 inter
1119 3875 1222 3928 maradi-

105 3988 175 4027 num
194 3971 452 4028 calumniarentur.
1055 3964 1059 3972 ’

191 4120 242 4180 ΧΙ
255 4117 315 4198 (ll)
338 4142 561 4180 rrxuxaxxrorcoc
579 4129 683 4183 edoces
699 4127 830 4196 Romam,
854 4135 885 4184 ut
903 4131 988 4199 turbo
1001 4131 1152 4184 intendant
1170 4146 1221 4184 an·

106 4246 228 4288 nomam:
251 4206 316 4284 sed'
325 4236 451 4300 propter
474 4229 597 4304 seponas
621 4233 766 4303 ficetalom
788 4237 925 4307 ptrmuem
954 4241 1005 4290 ortt
1027 4236 1142 4290 tradam
1168 4236 1224 4289 atsi

106 4336 245 4392 montem
267 4352 324 4391 noa
344 4337 431 4391 video.
