2760 4890
122 286 168 379 50¹
552 324 809 380 conmortuus.

122 507 173 548 sus
196 485 414 545 convenienter
435 483 571 544 Socratis
599 486 694 546 menti
714 494 883 567 opponatur
902 495 1058 566 tamquam
1076 484 1179 545 verior
1203 503 1241 544 ac

122 592 224 653 aanior
245 591 323 651 ratio
344 611 397 665 ea,
422 611 500 672 quae
523 592 554 650 in
572 590 702 650 hominis
723 600 862 653 naturam
882 591 1024 674 inquirat.
1068 592 1188 650 Extant
1208 590 1243 649 in

7 734 21 759 ο
121 701 169 761 his
191 697 327 780 reliquiis
350 697 480 758 diverbii
494 697 625 775 vestigia
646 718 682 756 ac
705 698 846 759 videntur
866 707 970 778 partes
993 698 1038 758 ita
1058 696 1242 757 distributae

122 807 233 879 fuisse,
265 814 299 864 ut
322 804 450 883 primum
472 802 595 863 deditus
623 812 751 866 naturae
777 804 981 886 explorationi
1001 803 1201 884 philosophus
1225 822 1243 862 e

122 930 176 977 sno
196 933 277 992 penu
298 912 424 971 inventa
448 910 600 992 quaedam
623 922 654 972 et
677 910 949 991 contemplationes
968 911 1140 991 proferret,
1170 908 1261 969 dein·

122 1020 216 1091 alter,
244 1019 296 1100 qui
316 1017 421 1078 nescio
444 1037 483 1077 an
506 1018 603 1078 Varro
624 1019 691 1097 ipse
710 1017 819 1090 fuerit,
849 1017 972 1076 reiectis
994 1015 1152 1075 inutilibus
1174 1015 1242 1075 istis

122 1125 357 1186 scrutationibus
375 1108 538 1184 humanam
558 1124 747 1204 potissimum
761 1133 901 1184 naturam
916 1121 1153 1182 examinandam
1169 1120 1241 1180 edo·

123 1241 216 1292 cerct.
259 1233 371 1313 Itaque
411 1229 451 1291 cd
478 1230 562 1290 illam
590 1240 709 1309 partem
736 1239 860 1315 praeter
885 1228 947 1287 alia
972 1228 1120 1288 nonnulla
1149 1227 1241 1306 perti·
1270 1281 1279 1299 x

121 1339 226 1398 nuisse
247 1339 304 1397 hos
326 1338 364 1397 de
386 1336 535 1397 sideribus
557 1335 725 1396 versiculos
747 1324 834 1415 puto:

250 1502 266 1554 ὁ
600 1500 632 1549 ut
651 1489 750 1547 side'ra
771 1492 845 1547 coeli
927 1485 930 1492 ’

326 1597 448 1667 dictim,
467 1601 577 1655 circum
599 1607 715 1654 terram
726 1597 812 1670 (itque
834 1612 921 1654 axem

325 1674 405 1773 Mae
427 1706 579 1762 adluuntur
596 1714 672 1761 azotu
695 1701 793 1760 drbito'.

125 1881 156 1933 et
185 1893 267 1945 eum,
294 1892 384 1955 quem
412 1871 629 1932 ‘lambionicum
658 1892 727 1932 esse
747 1869 961 1930 Lachmaunus
982 1870 1097 1929 monuit
1119 1870 1160 1929 ad
1181 1870 1241 1929 Lu·

125 1980 212 2038 aretii
233 1980 279 2040 IV
303 1988 386 2052 1275,

250 2141 268 2197 τ
323 2132 455 2191 θαηάέηε
474 2149 596 2206 corpore
618 2134 721 2189 tacimus
738 2133 821 2190 trioid
838 2134 943 2189 tremine
961 2132 1060 2189 idaeae

127 2285 283 2344 Clausisse‘
303 2293 403 2345 autem
424 2305 508 2344 suem
530 2283 583 2342 ille
607 2279 747 2354 ἐπίδειξιν
769 2283 826 2341 hoc
848 2303 939 2342 versu
962 2281 1097 2342 videtur:

250 2447 267 2500 6
325 2441 388 2497 Noa
408 2440 522 2495 sttbsilis
544 2456 579 2494 ec
599 2438 718 2509 placidis
741 2446 768 2494 et
794 2440 829 2494 ab
850 2437 940 2495 Ανάιο
956 2453 1059 2509 posces
1080 2437 1220 2507 ‹istricam

327 2544 488 2603 Cercinam?
520 2548 681 2616 quidecim
700 2547 754 2602 boc
775 2546 897 2601 miricas?

123 2719 202 2778 Puto
223 2714 303 2774 enim
324 2716 403 2776 haec
425 2714 520 2775 verba
542 2716 585 2775 sic
607 2726 641 2776 ut
662 2738 681 2776 a
703 2717 803 2783 Nonio
824 2738 854 2796 p.
878 2727 937 2789 135,
960 2726 993 2782 17
1015 2726 1096 2797 etp.
1121 2726 1183 2792 374,
1211 2729 1241 2781 13

123 2823 296 2895 traduntur,
329 2822 387 2881 nisi
415 2821 496 2902 quod
522 2844 552 2902 p.
582 2833 649 2896 374,
682 2833 713 2887 13
739 2828 862 2882 subsiliis
883 2843 918 2882 ac
935 2829 1061 2898 plaudes
1083 2832 1130 2883 est
1151 2825 1183 2884 in
1207 2826 1240 2883 li-

123 2930 201 3002 bris,
243 2919 477 3008 sesquialterum
512 2929 699 2990 octonarium
735 2933 860 2992 referre.
912 2930 1054 2990 Ceterum
1080 2952 1142 2989 non
1172 2911 1241 3010 eget

124 3037 325 3113 fragmentum
346 3031 585 3114 emendatione,
621 3026 713 3118 quam
743 3036 867 3117 quidam
899 3046 1014 3096 temere
1045 3046 1242 3118 temptarunt,

124 3121 180 3202 sed
202 3138 407 3233 explicatione
436 3139 563 3217 indiget.
605 3130 754 3202 Nimirum
782 3143 836 3215 ille
861 3165 923 3203 non
949 3144 1096 3204 muralem
1119 3153 1172 3203 aut
1200 3145 1242 3204 ci-

122 3249 223 3323 vicam
252 3267 394 3333 coronam
423 3247 559 3326 expetit,
584 3247 640 3306 sed
671 3256 705 3306 ut
731 3248 830 3326 victor
854 3249 888 3308 in
911 3249 1112 3330 explicatione
1145 3258 1241 3309 astro·

124 3376 189 3415 rum
217 3353 400 3414 astricum:
435 3354 482 3412 cui
511 3357 626 3414 formae
657 3357 797 3414 conferas
821 3355 858 3414 de
883 3363 1034 3414 Mnacrsona
1057 3356 1094 3415 fr.
1120 3368 1153 3418 15
1176 3360 1242 3415 cbo-

124 3483 196 3551 rccn
219 3461 353 3522 astricte.
397 3462 440 3520 Et
462 3481 529 3520 eam
549 3480 691 3520 coronam
710 3462 813 3541 lepide
834 3461 916 3520 iubet
937 3462 976 3521 ab
997 3463 1094 3549 Arato
1117 3464 1241 3545 requiri,

3 3581 20 3601 '·
126 3577 218 3649 poeta
245 3566 494 3650 phaenomenon,
523 3588 582 3648 quo
602 3569 735 3627 carmine
758 3568 891 3628 siderum
911 3569 1121 3648 apparentium
1144 3580 1243 3629 motus

8 3658 15 3663 ⁸
74 3701 77 3706 ·
128 3677 298 3757 descripsit.
334 3673 432 3753 Quasi
458 3671 506 3730 cui
531 3693 586 3752 per
609 3676 743 3734 carmina
764 3683 826 3734 tarn
848 3685 944 3734 artum
967 3695 1034 3734 cum
1053 3677 1143 3736 astris
1169 3697 1241 3737 con-

125 3782 250 3840 sortium
278 3780 382 3851 fuerit,
414 3778 453 3837 de
480 3798 540 3858 quo
570 3778 699 3840 Ovidius
734 3781 840 3861 (amor.
866 3783 883 3840 I
905 3792 946 3855 15,
971 3781 1016 3861 lb)
1042 3803 1107 3840 cum
1130 3788 1191 3843 sole
1215 3794 1244 3843 et

126 3891 196 3946 luna
218 3905 332 3961 semper
350 3889 461 3944 Arctus
480 3890 544 3955 erit,
565 3884 591 3943 is
613 3885 705 3944 etiam
729 3906 906 3948 coronarum
925 3888 1104 3948 astricarum
1118 3888 1242 3968 dispen-

126 4000 209 4052 sator
232 3993 375 4053 extiterit.
419 3994 529 4073 Itaque
559 3992 650 4068 simili
670 4015 731 4054 non
754 3995 887 4074 compari
908 3995 998 4054 modo
1018 3996 1107 4055 Arati
1129 4016 1243 4056 nomen

33 4184 37 4190 ι
127 4098 296 4159 adhibitum
323 4107 370 4157 est
397 4108 489 4180 utque
509 4119 624 4173 eorum,
658 4121 734 4181 quos
754 4121 847 4181 supra
868 4101 978 4174 citavi,
1010 4101 1189 4162 Aristoxeni
1212 4112 1243 4163 et

126 4187 311 4267 Aristotelis.
351 4208 458 4265 Pescen
478 4224 614 4267 corenam
635 4216 737 4267 autem
760 4206 841 4286 quod
864 4205 1015 4266 Oehlerus
1038 4207 1074 4266 iis
1093 4208 1239 4281 illustrat,

45 4308 52 4319 ”
126 4331 205 4392 quae
228 4311 260 4373 in
281 4319 437 4372 Prusenses
459 4311 601 4391 leguntur
621 4315 658 4372 fr.
685 4323 717 4374 14
739 4318 769 4371 ia
789 4317 965 4386 arpumentis
986 4315 1126 4373 Caecilius
1143 4321 1241 4388 poscit
