2760 4890
151 336 230 402 '130
426 371 431 379 ·
594 349 853 398 commorimur.

169 513 260 570 etiam
273 509 325 569 frr.
343 519 376 571 21
393 519 423 568 et
438 519 471 570 22
485 510 630 581 indicant,
651 509 822 587 disputasse
836 510 1006 569 Varronem
1021 507 1080 566 hac
1097 514 1204 565 satura
1216 499 1286 580 περὶ

168 611 296 694 τρόπων.
340 617 419 674 Nam
442 636 480 674 ne
505 615 680 695 sequidem
703 635 878 699 reomnem
893 603 1015 674 saturae
1033 612 1194 674 materiam
1213 631 1285 669 con-

168 725 257 784 tineri
283 723 425 794 arbitror,
460 731 493 780 ut
519 722 574 782 illa
599 718 785 781 couveniens
813 722 852 780 sit
874 721 994 780 omnino
1017 721 1194 799 inscriptio:
1227 739 1285 777 nec

168 832 287 911 quales,
305 810 444 889 dicautur
466 829 597 889 Varroni
625 822 729 906 τρόποι
752 850 770 887 a
792 849 946 909 quoquam
966 834 1162 906 perspectum
1180 826 1285 886 video.

167 940 217 997 De
245 937 352 1018 quibus
381 935 424 994 ita
453 933 603 994 Oehlerus
633 935 672 992 ad
702 938 739 998 fr.
767 944 815 995 ⁸22:
848 927 982 1016 ‘rodomo
1012 923 1116 1011 τρόποι
1142 934 1288 993 videntur

120 1037 122 1039 ¹
160 1064 236 1103 ‚esse
259 1063 375 1102 morum
396 1062 451 1122 per
474 1050 610 1119 tempora
632 1041 824 1115 mutationes
847 1043 955 1122 quibus
976 1040 1124 1099 luxuriosi
1146 1040 1287 1099 homines

111 1158 117 1169 “
167 1150 319 1210 interdum
350 1168 383 1207 se
416 1167 564 1207 excusare
596 1147 717 1205 solent'
768 1147 868 1225 Quam
899 1147 1081 1207 sententiam
1111 1144 1287 1204 Mercklino
1374 1178 1376 1185 ·

166 1257 327 1335 probatam
358 1255 457 1312 fateor
485 1274 533 1313 me
560 1255 679 1312 nescire
701 1253 754 1333 qui
775 1255 833 1332 ipsi
853 1257 904 1316 isti
923 1257 1093 1333 fragmento
1115 1270 1286 1310 accommo-

168 1363 246 1422 dem.
291 1361 350 1423 Vel
377 1360 436 1419 hoc
460 1360 572 1419 vellem
595 1359 745 1419 Oehlerus
768 1362 820 1419 vel
841 1363 893 1441 qui
916 1381 983 1421 eum
1005 1360 1141 1441 sequitur
1162 1358 1287 1418 Merck-

167 1471 246 1529 linus
276 1457 410 1548 apertius
435 1467 561 1526 dixisset
569 1460 580 1540 ‚'
605 1465 677 1546 quid
705 1465 847 1525 heroibus
877 1488 944 1526 cum
966 1468 1026 1526 ista
1048 1487 1164 1525 morum
1189 1474 1286 1524 muta-

167 1576 259 1634 tione.
304 1574 384 1632 Nam
405 1573 449 1631 sic
473 1562 591 1648 τρόπων
613 1562 740 1646 τρόπους
764 1582 794 1631 et
816 1574 925 1633 heroes
948 1572 1033 1631 iuxta
1055 1575 1155 1651 posuit
1176 1574 1286 1647 Varro,

167 1691 200 1740 ut
220 1701 281 1739 non
301 1679 410 1738 abesse
429 1678 508 1736 inter
529 1698 582 1737 eos
598 1679 700 1758 aliqua
715 1682 792 1739 ratio
808 1681 905 1759 possit
927 1677 1003 1758 (ωε
1024 1671 1142 1756 τρόπων
1157 1674 1288 1760 τρόπους

167 1793 295 1864 quinon
315 1792 396 1845 modo
418 1790 566 1860 ionorasse
588 1805 632 1844 me
652 1792 766 1859 clamat,
789 1792 844 1845 sed
862 1792 975 1846 omnino
997 1793 1086 1846 omnis
1108 1791 1217 1847 heroas
1238 1807 1287 1846 ne-

166 1905 216 1970 ροι
242 1898 374 1952 nescisse.
419 1892 462 1950 At
484 1912 557 1951 vero
580 1913 641 1951 non
663 1883 766 1970 τρόποι
791 1903 821 1953 et
842 1895 951 1954 heroes
971 1895 1052 1954 'inter
1074 1914 1108 1952 se
1129 1914 1287 1974 opponun·
1331 1897 1334 1900 ’

168 2009 232 2074 tur,
266 1999 322 2083 sed
350 1999 394 2056 ita
416 1997 512 2057 verba
543 2001 685 2076 coniungi
714 1999 841 2061 debent:
871 2022 926 2061 non
949 2021 992 2060 me
1013 2007 1095 2061 modo
1122 2006 1176 2060 sed
1197 2008 1288 2061 omnis

167 2111 272 2164 heroos
293 2111 442 2180 ignorasse
463 2096 581 2184 τρόπων
600 2096 735 2180 τρόπους.
767 2106 830 2165 Sed
850 2128 889 2166 ne
905 2108 963 2167 hac
980 2109 1102 2188 quidem
1121 2115 1286 2181 structura,

169 2232 258 2291 quam
289 2211 360 2269 olim
383 2214 502 2290 P'opma
524 2221 646 2295 secutus
671 2220 732 2286 est,
761 2213 814 2273 vel
835 2201 939 2288 τρόποι
962 2213 1015 2271 illa
1034 2213 1158 2293 quidem
1180 2215 1212 2274 vi
1235 2216 1287 2274 vel

170 2320 265 2378 omnis
287 2319 439 2378 sententia
460 2320 597 2388 nancisci
617 2319 716 2377 lucem
741 2317 872 2377 videtur.
1002 2400 1005 2405 ῃ

253 2427 349 2484 Immo
383 2415 486 2502 τρόποι
511 2427 643 2485 Varroni
675 2425 818 2484 nonalia
839 2428 870 2484 vi
892 2447 983 2505 quam
1004 2426 1157 2486 rhetorica
1180 2428 1286 2486 dicun-

129 2540 138 2552 ‘
168 2542 231 2591 tur:
259 2541 293 2590 ut
320 2532 491 2591 rhetoricae
521 2531 663 2591 admonet
688 2532 778 2590 etiam
800 2523 978 2610 κατόχρησις
1001 2535 1033 2592 in
1054 2535 1091 2592 fr.
1113 2543 1161 2598 23:
1195 2526 1286 2593 acroi-
1365 2548 1372 2556 ¹

168 2655 270 2716 χρησις
292 2643 429 2697 est'enim
451 2657 529 2709 vero,
551 2644 666 2698 comto
689 2645 862 2698 condoluere
882 2647 992 2715 pendet
1012 2645 1143 2715 strigilis,
1168 2643 1200 2700 in
1225 2663 1286 2722 quo

170 2740 246 2804 cum'
263 2763 332 2803 vero
360 2764 467 2813 vocem
494 2744 644 2804 Oehlerus
673 2765 734 2803 non
763 2746 950 2819 attenderet,
981 2746 1093 2805 fefellit
1123 2767 1192 2806 eum
1217 2768 1286 2806 sen·

168 2853 278 2924 tentia,
300 2847 388 2931 ⁴quae
419 2872 473 2911 suo
500 2853 559 2910 isto
584 2855 735 2910 oerlcelrrte
772 2857 844 2911 Welt
865 2875 927 2912 non
948 2853 1128 2913 illustratur.
1182 2855 1285 2911 Veram

169 2961 249 3018 enim
275 2948 454 3038 ποτόχρησιν
483 2979 550 3017 cum
577 2961 675 3020 Varro
705 2940 803 3033 dieat,
838 2961 997 3039 opponitur
1020 2959 1116 3017 altera
1138 2960 1287 3037 vulgaria,

170 3086 248 3145 quae
283 3075 329 3123 est
362 3065 521 3124 rhetorica.
566 3060 649 3144 Ergo
671 3067 729 3125 hoc
752 3087 832 3125 nunc
857 3088 894 3126 ex
916 3067 968 3125 illo
992 3067 1046 3140 fn,
1071 3065 1153 3144 quod
1178 3074 1225 3125 est
1249 3066 1287 3125 de

168 3163 297 3249 τρόποις,
321 3159 482 3250 colligitur,
502 3175 639 3250 arguisse
659 3174 811 3254 quendam
827 3175 996 3235 Varronem
1013 3169 1096 3249 (nam
1111 3173 1177 3251 ipse
1194 3173 1234 3232 de
1253 3194 1286 3232 se

169 3279 254 3359 dicit)
283 3300 351 3338 eum
380 3300 439 3338 non
469 3281 559 3340 modo
584 3281 817 3340 translationum
848 3300 935 3338 usum
957 3298 993 3336 ac
1015 3278 1122 3337 modos
1144 3280 1202 3339 sed
1224 3280 1285 3337 om·
1343 3307 1353 3325 ι

168 3390 238 3446 nino
266 3387 375 3444 heroas
406 3389 574 3463 ignorasse.
618 3388 739 3445 Heroas
762 3396 863 3444 autem
889 3385 938 3465 qui
961 3371 1172 3461 οιτττιτρόποις
1194 3405 1285 3464 copu-

168 3494 276 3568 lentur,
300 3493 364 3553 eius
387 3492 432 3552 rei
452 3493 596 3551 indicium
618 3493 725 3552 videor
746 3495 778 3551 in
800 3495 836 3551 fr.
863 3505 893 3556 [4
914 3511 1098 3570 agnoscere:
1121 3495 1231 3550 Ebrius
1246 3511 1286 3562 ea,

168 3603 277 3683 Marce,
300 3603 441 3675 Odyssian
462 3606 535 3659 enim
559 3604 680 3657 Homeri
701 3604 847 3658 ruminari
866 3604 978 3674 ιἰιοίοἰτ,
1002 3618 1066 3657 eom
1082 3593 1150 3675 περὶ
1166 3586 1287 3673 τρόπων

168 3713 345 3782 scripturum
373 3718 399 3765 te
424 3713 482 3766 scio
507 3711 661 3781 receperis.
707 3707 826 3786 Nempe
854 3713 887 3765 ut
910 3703 948 3762 ab
970 3705 1160 3780 ignoratione
1183 3712 1285 3783 tropo-

168 3835 233 3871 rum
257 3835 291 3872 se
313 3815 448 3873 vindieat
468 3815 582 3885 Varro,
615 3814 659 3871 sic
682 3834 741 3893 quo
764 3834 821 3872 nec
841 3815 966 3872 heroum
988 3804 1136 3870 rationem
1160 3810 1219 3869 sibi
1241 3814 1285 3869 in·

170 3921 320 3998 cognitam
357 3937 425 3979 esse
453 3921 591 3998 exemplo
616 3920 793 3993 convincat,
823 3920 892 3979 ideo
915 3919 1035 3977 delatus
1054 3917 1086 3974 in
1110 3914 1286 3996 Odysseam

117 4097 128 4111 ο
168 4024 299 4084 videtur.
343 4026 433 4084 Enim
460 4047 533 4085 vero
566 4026 646 4084 hanc
674 4046 792 4090 omnem
824 4037 854 4085 et
876 4025 1101 4085 accusationem
1125 4032 1155 4081 et
1178 4023 1286 4083 defeu-

168 4133 284 4192 sionem
311 4134 448 4212 suspicor
470 4133 510 4192 ad
532 4139 722 4196 Sesoormrxau
742 4132 911 4210 pertinere,
945 4152 1023 4212 quae
1047 4140 1151 4190 satura
1172 4131 1224 4189 vel
1249 4151 1287 4190 ex

169 4260 205 4298 ea
224 4259 315 4319 quam
337 4259 480 4321 reparare
504 4241 672 4299 studuimus
695 4240 799 4317 specie
823 4247 952 4322 apparet
976 4259 1066 4319 quam
1089 4238 1181 4296 facile
1199 4239 1285 4297 fasti-

169 4343 292 4403 diosiori
318 4346 450 4425 potuerit
477 4330 624 4425 arguendi
656 4355 686 4406 et
715 4345 911 4406 insimulandi
938 4347 1095 4404 materiam
1122 4344 1284 4422 praebere.
