2760 4890
478 385 481 391 .
522 353 778 402 conrncrnnun.
1122 345 1203 406 201

93 509 149 588 (cf.
176 513 248 569 novi
271 513 366 569 musei
387 511 485 571 Rhen.
509 513 554 571 VI
576 533 606 591 p.
631 512 715 589 539),
739 521 892 591 postrema
914 516 1044 573 maxime
1062 515 1206 588 arrideat,

91 617 211 675 ‘veram
233 620 405 695 pervarias
431 627 528 677 terras
550 617 824 695 peregrinationem
840 619 990 698 periplum
1006 619 1117 679 dictam
1138 622 1207 679 sim-

90 724 216 802 pliciter
237 726 349 803 opponi
371 733 401 783 et
425 725 594 804 comparari
620 732 773 801 tamquam
794 725 896 806 itineri
924 724 1043 784 cuidam
1065 747 1120 805 per
1141 728 1207 806 plri-

90 830 265 908 losophiam
294 833 419 911 eiusque
448 833 550 890 varias
580 831 721 907 regiones
750 830 855 890 fact0.'
899 833 1041 913 Denique
1069 843 1101 892 ut
1124 835 1206 893 colli-

91 918 164 1013 gam
191 937 339 1016 quidquid
366 937 511 997 adiuvare
540 936 752 1017 aliquomodo
775 936 868 996 Nonii
891 937 1078 1015 diligentiam
1100 941 1206 1019 possit,

92 1064 132 1101 an
162 1042 253 1102 etiam
280 1064 360 1103 nunc
381 1044 565 1120 singularem
586 1027 679 1103 Nonii
701 1042 926 1120 neglegentiam
948 1047 979 1105 in
1002 1067 1038 1106 eo
1060 1067 1205 1124 agnosce·

91 1169 170 1222 mus,
195 1149 276 1229 quod
298 1171 359 1209 non
380 1150 479 1209 dicam
496 1171 557 1210 una
578 1150 745 1229 eademque
765 1152 878 1228 pagina
893 1152 948 1214 sed
966 1154 997 1210 in
1013 1173 1072 1211 uno
1089 1152 1207 1212 eodem·

92 1277 153 1336 que
175 1256 317 1316 lemmate
341 1278 430 1316 unam
453 1265 482 1316 et
504 1258 630 1317 alteram
649 1266 781 1316 saturam
803 1276 871 1314 cum
885 1259 947 1316 suis
967 1257 1084 1318 duobus
1102 1260 1207 1335 titulis,

91 1364 171 1422 alias
194 1385 254 1422 una
278 1365 474 1443 inscriptione
496 1362 618 1435 laudat,
647 1361 697 1421 ubi
719 1363 871 1421 tamenin
893 1365 1021 1442 proclivi
1046 1374 1125 1437 erat,
1156 1386 1207 1426 ne=

91 1471 297 1548 glegentiam,
327 1471 352 1528 si
374 1490 434 1548 qua
458 1480 522 1529 erat
546 1473 757 1550 neglegentia,
784 1470 822 1529 ob
848 1470 1073 1530 similitudinem
1095 1473 1208 1532 vicina·

89 1596 159 1634 rum
186 1576 415 1654 inscriptionum
443 1579 617 1656 corrigere?
661 1577 813 1637 Delibabo
843 1598 880 1636 ex
899 1577 957 1636 hoc
978 1599 1091 1656 genere
1110 1600 1208 1657 pauca

93 1681 132 1740 de
150 1681 305 1760 plurimisz
330 1704 358 1761 p.
377 1693 422 1756 83,
444 1693 478 1745 24
507 1687 601 1743 Varro
624 1688 679 1743 Est
695 1688 795 1742 modus
816 1688 941 1742 mundae
962 1681 1029 1763 περὶ
1051 1681 1146 1762 μέθης
1168 1723 1209 1729 -
1270 1667 1274 1674 ’

90 1793 166 1846 idem
190 1790 387 1861 Sesqniulioee:
415 1812 444 1869 p.
464 1799 518 1876 Ι82,
541 1802 575 1855 33
605 1793 698 1849 Varro
721 1792 856 1848 Columna
871 1793 1012 1877 sternatis
1034 1789 1101 1870 περὶ
1122 1786 1209 1869 δόξης

89 1926 133 1937 α-
156 1899 232 1954 idem
254 1896 436 1969 Marciporm
465 1919 494 1976 p.
518 1905 568 1970 71,
593 1907 626 1960 13
660 1900 754 1955 Varro
777 1894 994 2002 Serrano·arpi
1013 1891 1209 1977 ἀρχαιρεσιῶν

90 2039 132 2046 -
153 2009 227 2062 idem
244 2007 496 2078 Quinquatruum:
521 2026 551 2083 p.
569 2013 648 2075 28,3
674 2006 768 2061 Varro
790 2005 960 2061 Prometheo
975 2008 1020 2062 lib.
1038 2008 1057 2062 Ι
1072 2041 1114 2047 -
1134 2011 1207 2065 idem

17 2107 21 2114 ’
90 2114 279 2169 Flantabulr's
306 2106 373 2185 περὶ
400 2106 548 2190 ἐπαρχιῶν
570 2143 611 2152 -
637 2114 711 2168 idem
732 2112 913 2169 Parmenone
937 2144 978 2152 -
1000 2115 1073 2169 idem
1094 2114 1207 2187 Sesqui-

90 2221 189 2287 nliae,
213 2227 243 2276 et
266 2219 310 2276 sic
334 2220 517 2278 sexcenties.
551 2218 666 2277 Verum
686 2217 763 2275 haec
779 2237 840 2275 non
856 2217 899 2296 ita
916 2215 1047 2295 disputo,
1070 2226 1102 2276 ut
1119 2239 1208 2297 quem

90 2323 185 2400 vulgo
213 2323 512 2401 neglegentissimum
541 2324 769 2400 grammaticum
789 2320 918 2393 habent,
948 2342 1004 2400 ego
1029 2327 1136 2402 quovis
1160 2349 1206 2385 so-

92 2429 217 2489 cordiae
238 2431 388 2508 vituperio
406 2450 536 2509 purgare
558 2431 711 2489 studeam:
732 2448 822 2507 quem
839 2428 1041 2508 quidemipse
1058 2434 1208 2511 perhanc

93 2529 379 2596 commentationem
410 2538 531 2617 saepius
559 2537 693 2594 incuriae
720 2555 756 2594 ac
786 2533 917 2612 stuporis
945 2540 1099 2598 accusavi.
1145 2541 1207 2601 Sed

91 2651 163 2702 sunt
185 2663 299 2720 genera
322 2643 524 2703 discernenda
545 2650 575 2701 et
592 2641 766 2719 singulatim
784 2643 1006 2721 persequenda,
1029 2656 1063 2704 ut
1078 2647 1115 2706 de
1134 2670 1207 2728 quo·

90 2753 139 2811 vis
160 2753 274 2827 ,certius
294 2750 460 2809 iudicetur:
485 2749 568 2809 velut
590 2751 621 2807 in
639 2748 808 2826 allegandis
825 2745 997 2808 saturarum
1012 2754 1107 2813 titulis
1127 2777 1207 2815 nunc

89 2878 153 2917 non
182 2857 391 2934 indiligentem
419 2856 552 2915 Nonium
581 2866 611 2915 et
631 2857 735 2936 paullo
758 2857 849 2915 etiam
873 2853 1095 2932 diligentiorem
1117 2882 1208 2940 quam

92 2965 246 3039 Gellium,
270 2964 450 3035 Charisium,
471 2964 660 3023 Priscianum
681 2963 867 3034 invenimur,
895 2963 946 3040 qui
967 2983 1045 3042 quae
1069 2987 1087 3024 a
1107 2967 1208 3026 Nonio

89 3072 202 3152 plenae
221 3070 438 3152 perhibeantur
460 3071 672 3149 inscriptiones
693 3068 866 3128 dimidiatas
889 3070 942 3127 vel
962 3090 1073 3147 graece
1096 3071 1207 3131 abillo

91 3179 202 3238 allatas
229 3178 324 3237 latine
352 3196 516 3235 conversas
538 3176 741 3255 ascripserint.
786 3175 854 3234 Nec
877 3175 915 3234 de
938 3179 1049 3235 saturis
1073 3180 1207 3255 peculia-

89 3287 165 3344 riter
193 3284 381 3344 Ritschelius
411 3282 572 3358 cogitavit,
610 3303 676 3341 cum
703 3280 836 3340 testandi
869 3282 972 3340 titulos
1001 3283 1207 3345 Varronianus

91 3391 154 3451 fide
176 3393 309 3452 Nonium
329 3389 420 3466 longe
441 3389 578 3467 superari
598 3409 616 3446 a
635 3390 793 3448 Prisciano
815 3389 929 3447 monuit
950 3390 981 3446 in
998 3411 1078 3449 novo
1101 3412 1206 3451 museo

89 3498 190 3557 Rhen.
214 3498 259 3557 VI
281 3519 311 3576 p.
335 3506 402 3568 535,
431 3514 612 3574 quamquam
637 3516 675 3554 ne
704 3516 760 3573 ego
786 3494 910 3574 quidem
932 3495 1055 3554 nimium
1078 3496 1207 3557 tribuam

90 3606 120 3664 ei
150 3604 322 3662 testimonio
346 3601 512 3684 Prisciani,
550 3601 645 3679 quod'
661 3623 752 3681 supra
774 3604 944 3680 tetigimus,
969 3607 1003 3660 de
1023 3609 1206 3662 nomismatis.

90 3710 237 3768 Attamen
256 3729 316 3768 non
338 3708 397 3766 iam
421 3708 544 3780 seretur,
566 3709 681 3786 opinor,
705 3710 731 3767 si
753 3710 820 3788 quis
846 3710 885 3769 ad
904 3711 1066 3770 Mercklini
1086 3731 1207 3770 sensum

89 3816 230 3875 velutin
253 3812 471 3874 Eumenidibus
494 3813 614 3873 circiter
637 3813 849 3896 quadraginta,
873 3817 904 3874 in
925 3816 1063 3876 Bimareo
1087 3828 1117 3877 et
1136 3819 1205 3878 Ses-

91 3921 228 4001 quiulixe
254 3922 336 3979 circa
360 3921 470 3996 viginti
494 3907 628 3999 quinque
655 3920 731 3979 locis
756 3921 884 3980 alteram
908 3923 1135 4001 inscriptionem
1155 3923 1206 3981 vel

89 4028 184 4086 Nonii
214 4027 303 4106 culpa
330 4028 380 4086 vel
410 4028 514 4086 lacera
536 4025 754 4105 exemplarium
777 4026 955 4085 condicione
976 4029 1129 4088 interiisse
1151 4048 1204 4107 pu-

88 4135 211 4193 taverit.
256 4134 352 4193 Immo
381 4154 419 4192 ne
444 4133 501 4190 hoc
532 4131 654 4210 quidem
684 4133 804 4191 nomine
828 4134 989 4213 quicquam
1011 4134 1084 4193 fidei
1102 4134 1205 4207 habet,

89 4239 142 4298 vel
163 4239 304 4297 Bimarco
331 4235 399 4318 περὶ
427 4231 561 4318 τρόπων,
593 4238 643 4297 vel
668 4238 757 4320 Ταφῇ
778 4236 1035 4317 Mentanour-aspi
1057 4237 1204 4317 raaudus,-

89 4343 164 4421 χιών
191 4344 316 4422 singulis
346 4345 493 4424 exemplis
516 4344 621 4404 addita
642 4344 752 4404 fuisse:
780 4366 858 4426 quae
880 4367 929 4406 res
949 4332 1206 4432 qdaspraeterea
