2760 4890
209 341 267 404 124
638 351 895 400 conmortuus.

291 525 324 576 25
347 515 511 588 Suspendit
522 517 632 571 loribus
652 517 782 575 morinos
798 514 889 570 mollis
899 514 980 584 pilos
995 512 1118 568 reticulo
1134 529 1170 568 oc
1185 511 1322 582 strophia.

208 651 411 712 Cohaerentia
436 648 587 729 quaedam
616 669 719 716 earum
740 649 936 728 reliquiarum
958 645 1046 727 quasi
1073 640 1209 704 diluculo
1234 644 1324 724 dispi-

207 758 293 815 citur.
337 756 468 814 Bellamx
486 775 610 813 uxorem
634 775 702 813 cum
723 757 831 839 merito
854 755 949 813 amari
969 775 990 812 a
1008 753 1116 811 marito
1141 741 1241 824 dicat,
1276 751 1324 810 ad·

207 869 309 919 monet
333 882 452 934 eorum,
481 863 533 940 qui
560 882 621 919 non
647 858 800 938 κουριδίης
822 845 940 936 ἆλόχοιο
960 859 1016 918 sed
1037 859 1253 917 meretriculae
1276 859 1325 917 ali·

208 968 292 1025 cuius
317 987 419 1025 amore
442 967 559 1026 incensi
581 987 676 1047 seque
698 988 845 1048 suamque
870 989 934 1026 rem
957 951 1236 1046 pessumdederint.
1282 967 1327 1024 Ac

207 1073 244 1130 fr.
274 1081 307 1134 25
337 1072 379 1156 de
403 1092 497 1131 uxore
525 1072 576 1132 vel
606 1093 687 1132 nova
717 1083 813 1153 nupta
843 1074 919 1147 dici,
953 1073 1090 1132 reticulis
1120 1092 1156 1130 ao
1185 1072 1327 1151 strophiis

205 1173 294 1258 prodi
321 1179 453 1238 videtur.
504 1177 589 1236 Illud
617 1199 679 1237 non
709 1179 835 1253 definio,
872 1188 972 1239 utrum
1000 1180 1101 1241 Varro
1136 1186 1171 1236 ut
1202 1178 1327 1237 militiae

208 1288 252 1345 sic
284 1287 393 1345 ductae
418 1285 521 1343 uxoris
548 1286 763 1363 progrediente
791 1289 966 1346 narratione
994 1287 1179 1346 mentionem
1211 1284 1327 1356 fecerit,

208 1413 247 1450 an
280 1413 339 1471 quo
368 1391 460 1449 ducat
488 1391 649 1470 Odysseae
682 1392 809 1452 imitatio
838 1393 916 1452 haec
945 1390 1005 1451 sint
1035 1413 1072 1452 ex
1101 1397 1255 1471 ea'parte
1278 1391 1326 1450 de·

210 1506 366 1578 prompta,
397 1518 457 1576 qua
477 1516 511 1556 se
528 1497 674 1556 reducem
697 1518 735 1557 ex
757 1499 916 1558 itineribus
940 1498 1054 1558 vidisse
1077 1519 1204 1557 uxorem
1224 1519 1326 1558 narra·

208 1605 297 1662 verit.
338 1605 376 1662 In
398 1603 524 1679 singulis
545 1623 624 1681 quae
646 1604 798 1663 monenda
819 1605 992 1678 videantur,
1016 1604 1094 1664 haec
1115 1613 1197 1664 sunt.
1234 1606 1287 1663 Fr.
1303 1615 1327 1677 5,

207 1711 239 1767 in
262 1731 321 1789 quo
346 1707 428 1790 quod
454 1713 504 1766 illo
525 1727 647 1767 oaorem
676 1706 767 1786 (Non.
790 1732 820 1790 p.
844 1721 905 1784 248,
928 1711 972 1790 15)
995 1711 1139 1785 traditur,
1170 1711 1243 1769 olim
1257 1730 1326 1794 *cor-

145 1879 151 1891 ,
207 1823 325 1874 rectum
343 1824 399 1887 est,
429 1815 587 1893 Roeperus
610 1825 706 1875 metro
729 1817 889 1878 describit:

867 1957 936 2028 quid
956 1954 1000 2012 ἑοῖ
1020 1958 1094 2011 enim

361 2059 443 2128 Quat
463 2061 545 2118 homo
567 2061 713 2118 mosculr'es
736 2064 831 2118 sidere
852 2060 953 2118 debeat
976 2059 1118 2118 lubentius

360 2168 445 2224 Bella
464 2185 566 2225 uxore.
772 2144 775 2157 Ι

207 2307 245 2363 In
274 2303 382 2384 quibus
410 2311 533 2381 praeter
566 2303 782 2362 necessitatem
809 2311 882 2382 puto
916 2303 1101 2382 transposita
1130 2322 1206 2360 esse
1235 2302 1326 2360 haec:

208 2414 350 2469 lubentius
374 2413 469 2467 videre
490 2413 600 2478 debeat,
625 2409 746 2488 quando
770 2426 848 2488 quae
866 2408 926 2468 hac
949 2410 1046 2468 forma
1099 2439 1106 2452 ·

362 2565 443 2632 Quo'd
463 2564 545 2620 homo
565 2565 710 2620 masculas
731 2566 874 2621 lubentids
892 2566 988 2623 videre
1010 2563 1111 2621 debeat

207 2715 312 2794 'prodit
334 2734 462 2773 caesura
484 2714 609 2786 vicaria,
630 2735 669 2773 ne
693 2735 729 2774 ea
754 2716 876 2795 quidem
897 2737 915 2774 a
931 2715 1171 2794 septenariorum
1191 2724 1258 2774 arte
1278 2714 1327 2776 ab·

209 2823 320 2883 horret.
365 2821 408 2880 Ut
434 2821 564 2880 fortasse
592 2823 669 2881 nihil
697 2821 860 2882 nisi‘illud
888 2827 958 2896 quid
980 2826 1055 2880 enim
1082 2831 1124 2879 est
1145 2824 1256 2881 mutari
1279 2823 1328 2883 de·

211 2929 291 3000 beat,
315 2948 507 3008 quamquam,
530 2930 698 3011 siquando
720 2930 927 2989 recesseris-a
948 2928 1103 3001 memoria,
1128 2930 1220 2988 etiam
1239 2932 1329 2992 aliam

209 3038 291 3096 viam
312 3055 374 3093 non
402 3053 493 3092 unam
515 3034 606 3095 video
630 3058 691 3115 qua
713 3039 858 3096 metricae
881 3037 991 3095 rationi
1015 3037 1114 3114 possis
1138 3027 1329 3102 satisfacere.

293 3162 345 3242 Fr.
368 3167 384 3221 9
412 3158 581 3220 Gulielmus
606 3152 792 3240 dactylicum
808 3181 971 3228 ‚numerum
992 3161 1133 3238 agnovit:
1155 3183 1247 3242 quem
1265 3186 1329 3224 oum

163 3263 168 3277 ⁶
208 3286 270 3328 sese
300 3264 435 3344 reposito
469 3266 709 3345 redintegraret,
734 3271 911 3348 RoeperuS‚
940 3269 1010 3348 quia
1040 3267 1122 3347 apud
1144 3268 1279 3329 Nonium
1299 3293 1328 3351 p.

175 3359 181 3370 ’
209 3385 274 3447 203,
301 3381 332 3434 14
346 3372 594 3450 praemittuntur
630 3378 724 3432 Varro
748 3377 960 3449 Sesquiulirm,
984 3377 1016 3434 in
1038 3376 1123 3433 initio
1142 3377 1244 3454 potius
1267 3379 1329 3458 syl·

209 3479 310 3538 labam
332 3477 383 3536 vel
402 3481 427 3534 is
446 3477 498 3537 vel
520 3484 545 3536 si
564 3479 737 3560 absorptam
759 3484 895 3561 putavit:
925 3483 967 3540 At
987 3501 1110 3558 paneam
1130 3481 1329 3563 bisyllabum,

209 3588 248 3647 de
278 3606 337 3667 quo
366 3584 443 3643 dixit
468 3586 643 3665 Roeperus,
674 3609 711 3647 ea
738 3588 860 3668 quidem
885 3591 958 3650 sede
979 3609 1086 3649 versus
1109 3588 1331 3651 dubitationem

208 3702 326 3767 movet,
361 3699 394 3750 ut
422 3699 473 3749 aut
500 3693 600 3751 nullus
628 3696 667 3753 sit
692 3695 744 3755 ille
773 3717 880 3755 versus
904 3704 956 3754 aut
987 3695 1048 3754 alia
1075 3696 1103 3753 ei
1132 3696 1171 3754 sit
1188 3717 1331 3758 mensura

204 3782 395 3861 adhibenda.
440 3817 475 3856 οο
504 3817 620 3858 censum
650 3799 707 3879 (sic
737 3804 816 3861 enim
845 3802 933 3875 libri,
962 3821 1023 3859 non
1047 3787 1218 3878 'accensum
1248 3805 1330 3885 quod

210 3929 227 3967 e
260 3906 404 3967 Gulielmi
434 3905 609 3964 coniectura
635 3908 792 3989 vulgatum
822 3908 962 3967 mirificas
993 3906 1156 3982 editorum,
1183 3930 1222 3968 ne
1250 3913 1329 3971 Roe-

210 4033 285 4093 pero
318 4011 441 4091 quidem
471 4019 615 4090 excepto,
655 4015 873 4092 explicationes
907 4012 1092 4094 procreavit)
1126 4014 1200 4095 quid
1238 4018 1330 4094 signi-

211 4121 297 4191 ficet,
332 4137 423 4196 supra
449 4115 543 4174 verbo
573 4118 754 4195 significavi.
797 4120 976 4200 Impeditius
1004 4128 1050 4178 est
1072 4122 1110 4183 fr.
1134 4127 1182 4192 25,
1214 4122 1329 4208 inquo

212 4246 270 4286 nec
292 4228 423 4281 marinas
442 4228 522 4296 pilos
543 4245 601 4283 nec
622 4230 733 4285 loribus
753 4233 874 4286 morinis
898 4227 1054 4286 commode
1079 4227 1219 4305 intellegi
1236 4249 1328 4308 posse

213 4333 336 4413 copiosa
360 4330 564 4410 disputatione
590 4333 749 4412 Roeperus
777 4333 922 4393 ostendit:
956 4334 1022 4414 ipse
1044 4332 1170 4394 Meursii
1189 4336 1221 4393 in
1243 4356 1330 4395 exer·
