2760 4890
135 341 176 401 22
565 346 822 397 consecrarat.

136 513 184 570 lus
210 519 243 570 at
264 511 375 570 Graeci
399 509 594 569 admiserunt.
640 506 703 566 Sed
725 506 864 565 dubitant
887 505 924 565 de
950 506 1126 565 sinceritate
1148 509 1257 564 tibinos

135 617 237 688 vocis,
261 635 340 694 quae
361 614 414 673 illo
436 634 496 672 uno
518 614 611 673 Nonii
633 613 808 672 testimonio
829 614 944 672 nititur.
984 613 1095 692 Itaque
1113 612 1259 688 Scaliger

136 723 217 782 hunc
238 741 360 782 versum
383 720 500 778 effecit:

286 843 408 899 sonitum
431 842 509 895 aeris
530 842 710 896 intonamus:
736 841 787 896 tibi
806 855 858 895 nos
880 840 1013 905 semiviri,

136 976 217 1035 unde
237 975 433 1052 intellegitur,
458 973 531 1052 quid
552 993 589 1031 ex
610 973 658 1032 lris
679 978 781 1031 matris
801 977 883 1031 deum
907 972 1052 1030 effecerit.
1095 971 1259 1029 Mercerus

135 1082 167 1141 in
187 1081 256 1139 loco
272 1070 370 1141 'Nonii
391 1099 452 1137 non
474 1079 532 1137 nisi
554 1078 632 1137 haec
651 1080 797 1138 Varronis
825 1099 894 1137 esse
922 1079 1066 1137 affirmat:
1102 1079 1259 1151 Tympano

135 1207 192 1246 non
213 1190 292 1244 moni
307 1183 380 1263 (sic)
403 1189 496 1243 sonitu
516 1188 617 1243 motois
635 1189 719 1243 doum
742 1190 882 1243 torsimus:
905 1189 955 1243 tibi
971 1202 1023 1242 nos
1042 1187 1184 1243 semiviri:
1207 1203 1257 1242 re·

134 1293 219 1370 lique
237 1290 275 1349 de
297 1290 399 1350 tibinis
419 1289 516 1348 modis
534 1289 616 1348 mala
634 1310 724 1350 manu
743 1291 868 1350 inserta.
905 1291 1100 1350 Hermannus
1118 1308 1258 1362 versum,

136 1377 226 1476 quem
248 1397 319 1456 olim
340 1417 447 1476 parum
467 1395 666 1476 probabiliter
687 1397 730 1455 ita
749 1397 948 1456 formaverat:

438 1537 560 1591 torsimus
582 1536 679 1592 modos
701 1536 803 1591 tibioos

136 1677 245 1746 postea
265 1687 405 1726 mancum
427 1666 604 1746 adscripsit:

288 1808 409 1862 tonimus
433 1849 536 1861 .....
561 1806 612 1861 tibi
632 1822 709 1860 nunc
732 1807 866 1862 semiviri.

135 1939 278 2016 Denique
306 1958 402 2017 nuper
429 1939 604 2018 Roeperus,
634 1958 692 2018 quo
720 1937 831 1997 tibinos
860 1938 966 1997 modos
994 1940 1140 2012 evitaret,
1171 1939 1258 1998 hunc

134 2065 256 2104 versum
279 2045 412 2103 effinxit:

288 2184 338 2239 tibi
358 2188 466 2249 mater,
490 2184 540 2238 libi
560 2197 612 2237 nos
630 2200 707 2238 nunc
727 2185 850 2239 torsimus
871 2184 1004 2238 semiviri.

134 2318 201 2375 Nec
229 2316 333 2375 hercle
360 2315 540 2375 incredibile
564 2324 625 2388 est,
658 2316 791 2375 Nonium
813 2317 864 2376 vel
884 2318 988 2375 nescio
1013 2337 1102 2396 quem
1124 2317 1257 2379 bardum

135 2427 185 2482 tibi
206 2442 258 2481 nos
278 2424 429 2501 scriptura
450 2421 627 2499 deceptum,
652 2421 706 2480 illa
726 2422 876 2482 demodis
896 2422 997 2481 tibinis
1016 2425 1255 2501 excogitavisse.

136 2528 221 2606 Quos
243 2527 314 2586 hinc
337 2527 452 2586 alienos
475 2548 544 2586 esse
566 2527 636 2585 ilico
663 2538 805 2607 apparet,
837 2528 889 2587 ubi
912 2529 1007 2589 tribus
1029 2529 1089 2588 illis
1110 2531 1256 2590 versibus

136 2635 217 2694 hunc
239 2643 379 2713 quartum
401 2634 432 2691 in
456 2634 639 2693 consortium
661 2634 809 2694 adieceris

203 2829 206 2833 ‚
287 2773 411 2844 Frypios
427 2787 485 2843 per
507 2787 572 2828 osso
595 2790 701 2829 corneos
723 2775 831 2846 liquido
851 2778 929 2830 cauit
951 2777 1055 2830 animo.

134 2907 244 2985 Itaque
269 2924 348 2964 nunc
370 2905 476 2963 mutila
498 2905 575 2964 haec
598 2905 695 2964 forma
716 2927 824 2966 versus
846 2906 961 2986 prodit:

286 3044 337 3100 tibi
357 3058 408 3098 nos
433 3086 566 3098 ......
590 3045 639 3100 libi
660 3061 736 3127 onoc
758 3047 886 3101 semiviri

135 3162 243 3256 inqua
263 3175 404 3236 standum
421 3176 491 3247 erit,
513 3196 552 3234 ne
563 3178 665 3236 onmis
684 3179 728 3236 rei
745 3178 945 3258 probabilitas
961 3188 1078 3259 pereat.
1112 3180 1255 3258 Scaliger

136 3284 258 3364 quidem
269 3282 373 3363 paullo
386 3282 564 3340 insolentius
576 3303 699 3342 versum
710 3284 854 3363 explevit,
871 3285 1040 3364 Roeperus,
1055 3285 1125 3343 dum
1140 3285 1255 3345 bonum

135 3411 256 3449 versum
272 3390 402 3460 efferret,
423 3408 530 3466 parum
544 3389 661 3447 curavit
678 3389 869 3450 sententiam.
894 3391 969 3449 Mihi
985 3391 1253 3469 circumspicienti,

136 3495 210 3577 quid
229 3503 300 3575 apte
315 3495 399 3553 iuxta
413 3502 561 3573 tympana
574 3493 674 3552 locum
688 3495 833 3568 obtineat,
859 3496 1000 3575 cymbala
1015 3507 1179 3556 occurrunt
1198 3497 1252 3576 (cf.

134 3608 199 3658 Ena.
216 3603 253 3660 fr.
269 3599 327 3678 35),
350 3621 429 3680 quae
445 3601 551 3679 possit,
568 3600 616 3658 cui
631 3599 739 3658 ludere
758 3599 843 3674 libet,
862 3603 905 3660 ita
919 3603 949 3660 in
965 3602 1105 3661 lacunam
1120 3605 1252 3665 inferre:

286 3740 335 3795 tibi
353 3755 405 3795 nos
424 3735 567 3813 [cymbalo
588 3736 759 3813 crepimo']:
783 3741 833 3796 tibi
851 3744 930 3795 ‘nono
951 3741 1084 3796 semiviri.

135 3875 178 3932 Ut
194 3875 254 3932 iam
274 3873 351 3931 haec
368 3892 471 3930 eorum
486 3879 629 3930 versuum
646 3872 828 3931 continuitas
846 3893 882 3932 ac
900 3873 1070 3932 distributio
1087 3887 1252 3954 appareat:

289 4010 350 4066 Tibi
370 4016 492 4082 typsanae,
517 4027 574 4065 noa
593 4011 689 4065 inanis
709 4013 833 4078 sonitus,
855 4012 905 4067 tibi
925 4014 1062 4067 torsimus:

288 4117 351 4173 Tibi
371 4132 422 4171 nos
444 4112 588 4189 [cymbalo
609 4113 782 4190 crepimo']:
800 4111 854 4173 'tibi
871 4134 948 4171 roano
967 4121 1093 4175 semiviri

289 4226 415 4280 Terotom
435 4239 545 4278 comum
568 4224 706 4277 voluntem
726 4224 851 4278 iactant:
874 4223 923 4278 tibi
945 4220 1072 4300 [Cybele]

285 4331 409 4403 Frygias
428 4346 484 4402 per
505 4346 569 4386 osso
589 4345 696 4385 cornus
717 4331 825 4400 liquido
849 4336 928 4386 canit
947 4331 1051 4386 animo.

24 4494 138 4592 q
