2760 4890
145 331 184 392 16
560 342 817 392 conrncrsnnn.

126 498 342 578 “Hermogen’
370 501 429 560 hoc
451 501 519 561 loco
540 521 595 581 pro
620 502 779 563 harmonia
804 502 865 562 dici
894 511 1033 583 apertum
1056 512 1117 563 est:
1150 501 1267 563 eadem

142 611 173 669 vi
196 610 248 688 qui
270 629 338 667 eam
359 625 467 667 vocem
487 608 696 685 usurpaverit,
725 609 904 668 eRomanis
925 610 1091 683 neminem,
1120 629 1138 668 e
1161 609 1264 670 Grae·

143 716 187 774 eis
214 736 305 774 unum
331 714 402 773 novi
425 711 573 791 Eupolin,
604 711 642 770 de
671 733 730 792 quo
749 713 861 774 Pollux
888 717 920 774 in
947 714 1133 798 onomastico
1156 713 1203 774 IV
1228 721 1264 778 st

142 794 199 895 ἑὴν
222 815 253 879 ti
273 808 419 898 ἁρμονίαν
437 807 572 895 ἁρμογὴν
595 806 727 889 Εὔπολις
748 817 849 896 εἴρηκε

344 962 457 1047 ταύτην
479 959 535 1047 ἐγώ
554 957 678 1044 ’ζήτουν
699 964 790 1030 πάλαι
811 961 866 1048 τὴν
887 963 1033 1052 ἁρμογήν.

142 1125 190 1186 ef.
212 1124 384 1190 Meinekius
406 1124 531 1200 Fragm.
555 1141 631 1182 com.
653 1143 754 1201 graec.
780 1126 813 1184 H
832 1147 863 1205 p.
884 1135 945 1190 432.

142 1233 261 1291 ‘Motus
292 1230 370 1288 dios’
397 1229 515 1287 Nonius
541 1249 571 1307 p.
596 1238 662 1301 100,
685 1238 717 1292 31
748 1230 893 1293 ‘diutinos
922 1254 959 1294 ac
980 1234 1080 1312 iuges'
1110 1231 1264 1311 explicuit

142 1339 359 1398 convenienter
387 1333 572 1405 sententiae,
603 1354 663 1391 non
685 1335 757 1394 item
779 1340 847 1398 usui
867 1342 968 1414 vocis,
1000 1360 1091 1421 quam
1113 1347 1218 1397 tamen
1244 1358 1264 1396 a

141 1447 278 1506 Varrone
302 1442 427 1503 credere
455 1441 486 1498 in
513 1460 580 1499 eam
602 1440 664 1498 vim
691 1441 857 1516 adhibitam
886 1446 959 1526 quid
980 1443 1085 1505 vetat?
1131 1443 1262 1520 ‘Veget’

143 1550 224 1631 quod
250 1551 310 1609 hoc
337 1550 421 1619 loca,
452 1554 485 1603 ut
506 1545 624 1604 Nonius
645 1545 772 1608 adnotat
790 1571 820 1629 p.
843 1561 909 1625 183,
937 1559 969 1624 7,
1000 1549 1114 1609 dictum
1135 1559 1183 1609 est
1202 1570 1263 1630 pro

142 1656 300 1734 ‘vegetat'
332 1654 383 1714 vel
408 1652 543 1728 ‘erigit',
572 1651 604 1709 in
631 1657 715 1709 Mario
744 1654 781 1713 tr.
808 1665 843 1716 Ὦ
864 1656 984 1734 vulgari
1006 1652 1130 1715 notione
1153 1675 1263 1714 occur-

142 1764 195 1835 rit,
225 1771 258 1820 ut
283 1763 322 1822 sit
348 1763 504 1837 ‘vegetum
528 1758 601 1815 est':
648 1760 708 1817 Nee
735 1768 821 1819 autres
848 1771 891 1820 est
919 1766 1145 1832 sterneretur,
1175 1765 1262 1837 riget,

142 1876 234 1942 reget,
258 1874 290 1924 at
306 1873 372 1938 pote
391 1869 559 1938 plurimam.
604 1865 765 1938 Attamen,
799 1887 838 1926 ne
861 1866 933 1945 quid
957 1867 1159 1940 dissimulem,
1190 1887 1263 1926 cum

141 1973 323 2032 sententiam
351 1969 498 2044 feliciter,
527 1962 560 2029 ut
583 1978 675 2050 puto,
709 1972 838 2031 eruerim
863 1972 947 2031 illius
973 1973 1136 2050 fragmenti
1169 1971 1261 2052 (XI),

142 2079 180 2139 de
208 2079 282 2140 sede
310 2098 346 2137 ac
373 2095 455 2135 nexu
482 2075 555 2134 licet
582 2076 753 2155 ambigere,
781 2086 815 2136 ut
837 2077 887 2137 vel
909 2078 992 2136 infra
1018 2078 1118 2137 locum
1142 2077 1262 2137 habere

140 2187 273 2265 potuerit
292 2184 347 2258 ibi,
370 2183 421 2242 ubi
443 2184 538 2264 ipsius
559 2184 642 2261 origo
662 2184 797 2242 musicae
817 2205 835 2242 a
855 2183 1027 2263 primordiis
1050 2164 1261 2261 repetebatur.

224 2309 276 2367 Fr.
298 2307 364 2366 XII
388 2326 567 2387 suspensam
587 2315 770 2366 structuram
783 2306 856 2365 licet
869 2307 1036 2385 praemisso
1057 2306 1184 2366 ‘nescis’
1207 2306 1262 2366 vel

142 2411 234 2473 simili
261 2411 413 2491 supplere.
465 2413 624 2472 Structura
653 2413 721 2492 ipsa
746 2421 777 2472 et
800 2395 962 2472 verborum
990 2413 1166 2487 collocatio,
1196 2434 1262 2473 non

141 2519 195 2576 illa
218 2515 342 2594 elegans
365 2536 402 2576 ac
423 2526 568 2590 venusta,
598 2518 728 2578 Varroni
757 2520 848 2579 etiam
874 2518 906 2576 in
930 2519 1039 2577 saturis
1067 2518 1159 2578 facile
1186 2539 1259 2579 con·

142 2622 317 2682 donabitur:
355 2623 497 2700 coniungi
527 2630 628 2682 autem
656 2633 789 2704 oportet:
825 2634 1000 2683 commutare
1029 2635 1136 2684 mentes
1172 2629 1261 2685 totius

141 2733 248 2787 theatri
267 2729 297 2788 h.
322 2748 348 2787 e.
376 2730 508 2787 omnium
533 2728 672 2800 θεατῶν,
701 2739 734 2789 ut
755 2751 794 2790 ne
816 2749 914 2790 coram
937 2731 1074 2810 quidem,
1104 2731 1187 2810 quod
1209 2751 1259 2791 se·

142 2836 257 2914 quitur,
281 2833 321 2893 ad
340 2838 447 2892 theatri
467 2834 596 2892 relatum
619 2836 733 2897 habeat
755 2857 808 2896 cur
829 2835 1034 2896 addubitetur.
1071 2838 1139 2896 Nec
1158 2839 1259 2915 magis

141 2941 249 3017 attingi
285 2939 398 3000 debent
430 2939 522 2998 haec:
560 2945 634 3000 tibiis
669 2946 769 3001 erebro
795 2942 962 3017 flectendo,
983 2962 1062 3023 quae
1089 2943 1256 3021 persentis-

142 3049 219 3111 citur
256 3046 328 3126 quid
363 3045 504 3104 differant
537 3045 576 3104 ab
613 3049 659 3109 bis
697 3054 780 3108 tibias
806 3053 907 3107 crebro
935 3052 1074 3122 flectendo
1102 3047 1154 3107 vel
1182 3052 1260 3106 tibiis

140 3157 242 3212 erebro
271 3157 428 3226 flectendis.
478 3153 620 3213 Flectere
653 3153 742 3214 tibias
777 3154 851 3233 quid
885 3154 938 3228 sit,
975 3156 1068 3232 vulgo
1102 3155 1258 3232 cognitum

143 3267 197 3317 est
248 3258 299 3317 Sic
325 3259 485 3319 Lucretius
515 3261 544 3319 V
571 3269 639 3322 1406
660 3264 765 3319 dirrare
791 3278 873 3319 rores
900 3270 927 3318 et
952 3265 1068 3335 flectere
1093 3267 1198 3318 cantas
1227 3268 1259 3318 et

143 3363 271 3424 Ovidius
300 3385 433 3425 amorum
460 3367 494 3424 11
520 3381 552 3438 4,
586 3375 620 3427 25
647 3369 729 3424 dulce
763 3372 840 3424 currit
866 3371 1010 3442 flectitque
1034 3368 1177 3441 facillima
1209 3386 1258 3425 oo-

140 3491 210 3532 eera.
253 3472 370 3532 Plinius
397 3474 428 3530 in
454 3473 586 3532 naturali
612 3473 739 3531 historia
762 3472 842 3532 XVI
864 3469 884 3547 ἓ
908 3481 953 3535 171
980 3481 1134 3548 postquam
1161 3477 1258 3532 varie

141 3590 186 3638 tar
215 3584 336 3639 arcessit
363 3589 391 3638 et
420 3589 523 3639 cantas
550 3597 661 3655 qaoque
692 3583 893 3650 luxuriantes,
929 3584 1012 3638 auerti
1038 3589 1104 3637 ante
1135 3583 1259 3637 solstitia

139 3695 256 3759 coeptae
281 3693 309 3743 et
332 3689 400 3759 fieri
422 3690 505 3745 utiles
529 3691 558 3743 in
582 3690 715 3755 trimatu,
746 3689 939 3760 apertioribus
964 3704 1064 3744 eoram
1081 3689 1198 3760 linealis
1218 3691 1260 3746 ad

139 3797 294 3868 flectendos
310 3811 402 3851 sonos.
438 3793 519 3851 Hinc
542 3800 643 3872 autem
662 3799 708 3850 est
728 3791 809 3870 quod
825 3771 975 3852 Oehlerus
995 3791 1113 3851 scribit:
1138 3792 1257 3872 ‘loqui-

140 3908 189 3957 tur
209 3898 246 3957 de
269 3897 392 3958 tibicine
415 3898 513 3976 perito
537 3905 567 3956 et
590 3898 757 3976 eleganti':
793 3900 844 3979 qui
868 3899 949 3978 quod
970 3900 1036 3957 istis
1056 3898 1148 3955 totius
1173 3898 1256 3975 frag·

141 4006 234 4063 menti
261 4006 323 4063 vim
349 4002 496 4062 illustrari
524 4009 624 4081 putat,
662 4004 795 4064 ostendit
827 4023 860 4062 se
891 4003 1005 4061 nullam
1040 4003 1104 4061 eius
1134 4011 1257 4080 partem

140 4118 312 4169 assecutum
331 4128 409 4169 esse.
453 4110 628 4168 Commutari
648 4109 730 4190 quod
751 4109 856 4168 scribit
879 4110 1017 4187 Scaliger
1039 4110 1070 4167 in
1091 4107 1256 4166 verborum

140 4216 397 4275 Varroniauorum
417 4215 610 4293 etymologiis
633 4215 724 4293 (coni.
744 4238 773 4295 p.
795 4218 865 4287 169),
895 4225 947 4274 aut
965 4234 1068 4274 errore
1087 4217 1257 4275 memoriae

140 4320 230 4395 fecit,
255 4330 307 4379 aut
327 4340 385 4398 quo
407 4322 593 4379 concinnitas
616 4329 783 4391 antistaret,
807 4329 955 4398 sequente
976 4322 1048 4395 sript
1068 4321 1164 4379 formo
1183 4343 1255 4400 pas·

24 4404 219 4604 Α
