2760 4890
498 304 756 384 commoramur.
1126 328 1185 388 175

66 511 149 552 mum
171 490 343 572 quodcum
365 490 506 574 Cybelen
526 492 565 553 de
586 493 688 554 morbo
709 493 873 555 adeuntem
895 495 989 572 facio,
1021 497 1185 577 disputatio

66 600 136 679 ipsa
160 596 313 677 probabit.
357 599 516 661 Pertincnt
551 609 652 661 autem
681 600 828 663 adhunc
853 604 953 664 locum
981 604 1074 674 baec,
1105 625 1184 685 quae
1289 603 1294 611 “

66 704 148 766 infra
170 706 288 785 scripsi,
310 705 494 784 fragmenta:

151 841 187 901 II
209 839 268 921 (35)
296 844 344 900 Ea
369 847 543 901 commodam
566 851 688 917 praeter·
709 849 811 903 matris
832 847 914 904 deam
938 851 1035 906 aedem
1058 851 1184 906 exaudio

20 1014 26 1023 .
66 951 262 1023 cymbalorum
284 952 416 1007 sanilam.

119 1077 122 1084 ’
153 1085 203 1143 III
222 1082 285 1162 (38)
309 1085 377 1142 Cam
401 1088 448 1142 illo
470 1088 565 1155 acaia,
589 1089 668 1143 aidco
687 1091 829 1160 palloram
849 1089 1046 1162 frequentiam
1065 1091 1094 1145 ia
1116 1096 1183 1145 tem-

64 1193 122 1262 plo,
147 1194 198 1264 qai
216 1191 285 1249 dam
306 1207 424 1249 messem
446 1193 568 1249 hornam
591 1195 718 1249 adlatam
735 1197 884 1267 imponant
904 1196 1007 1254 Attidis
1027 1199 1116 1270 ripato,
1137 1213 1183 1271 sy-

68 1301 182 1354 nodiam
202 1301 344 1372 pallanteo
367 1301 447 1356 aam'o
470 1300 637 1356 recinebant
656 1303 758 1357 stadia.

150 1432 198 1494 IV
220 1434 278 1508 (36)
317 1435 379 1492 Tibi
398 1442 595 1508 damnosam
614 1438 696 1493 iaaai
714 1440 817 1508 sonita,
840 1438 941 1496 matri'
965 1442 1047 1496 deam

317 1545 451 1600 Toatmas
472 1544 568 1600 modos
590 1545 647 1612 titi,
668 1560 719 1600 aas
741 1546 791 1601 tibi
809 1563 886 1603 aaac
908 1549 1034 1603 semiviri

317 1649 445 1708 Teretcm
465 1667 573 1707 comam
593 1653 732 1707 actualem
752 1649 892 1707 iactama'
914 1640 1023 1725 palladi.

153 1783 194 1843 V>
207 1782 269 1863 (37)
314 1788 438 1860 dryadas
455 1802 512 1857 per
533 1803 599 1843 ossa
621 1804 728 1844 coraas
750 1789 858 1861 liquida
883 1791 962 1844 camd
979 1790 1085 1844 aaziae.

152 1920 199 1980 VI
221 1919 280 2000 (39)
317 1900 367 1981 libi
386 1925 481 1980 cidcat
500 1939 530 1978 se
553 1923 696 1981 cdataadc
719 1941 758 1981 ea
780 1942 835 1980 ara
856 1922 1018 1982 e'ccaatcre
1038 1925 1095 1981 ada
1108 1931 1184 1997 pote,
1224 1889 1234 1941 .-

312 2030 454 2107 De'm‘pcre
476 2031 618 2102 iacipt‘dat

151 2161 216 2222 VH
234 2162 292 2244 (47)
315 2167 415 2240 Apaae
448 2164 482 2222 't'a
515 2168 670 2224 dierectum
703 2165 721 2223 a'
753 2169 834 2223 domo
869 2172 969 2223 nostra
996 2164 1079 2254 istam
1105 2168 1183 2227 iasa—

978 2270 1104 2328 attritam.

67 2404 149 2482 Ergo
189 2406 372 2484 necopinato
408 2406 446 2466 ab
480 2405 558 2467 aede
588 2405 723 2486 Cybeles
752 2406 958 2487 cymbalorum
986 2407 1088 2465 sonitu
1114 2426 1183 2484 per-

67 2519 174 2589 cepto,
206 2511 277 2570 ilico
307 2499 438 2573 furiosus
467 2534 503 2573 eo
535 2514 687 2591 confugit:
725 2514 824 2591 gallos
856 2510 982 2573 offendit
1006 2513 1038 2570 in
1068 2512 1182 2591 templo

66 2616 229 2700 synodiam
252 2620 435 2680 'recinentes
470 2618 579 2679 Attidi.
629 2620 773 2693 Interim,
809 2639 868 2698 quo
903 2619 1068 2678 salutarem
1105 2618 1182 2677 deae

67 2747 158 2807 opem
182 2727 373 2805 experiatur,
396 2729 427 2787 in
449 2748 533 2786 aram
554 2727 617 2784 cius
640 2727 751 2786 insilit:
773 2726 856 2785 unde
878 2726 1007 2807 primum
1029 2724 1183 2784 horridulo

67 2831 238 2908 cantando,
261 2831 332 2893 dein
352 2832 531 2911 deripiendo
552 2832 626 2910 galli
645 2852 713 2891 eum
731 2851 873 2892 amovere
889 2830 1027 2892 student:
1051 2832 1184 2911 denique

66 2941 228 3022 dereptum
250 2959 290 3000 ex
311 2937 388 2999 aede
411 2959 467 2999 sua
486 2938 648 3018 repellunt.

83 3026 89 3036 ’
150 3048 205 3107 rr.
222 3047 256 3106 Π
276 3044 347 3105 riba
365 3045 461 3103 Nonii
478 3065 510 3122 p.
525 3055 585 3120 ses,
610 3055 644 3108 ra
665 3049 777 3105 comam
794 3044 925 3120 tradunt,
948 3045 1030 3126 quoa
1053 3066 1119 3104 cum
1137 3045 1183 3103 ni..

64 3153 122 3212 bili
141 3155 192 3228 sit,
215 3152 346 3213 editores
368 3150 440 3211 inde
463 3173 481 3210 a
503 3152 591 3212 Iunio
615 3156 726 3211 demam
748 3152 926 3230 vulgarunt,
944 3172 983 3211 ne
1006 3150 1038 3209 id
1061 3149 1184 3229 quidem

64 3259 236 3338 probabile.
263 3260 416 3338 'Reposui
445 3257 527 3338 quod
554 3259 600 3317 rei
629 3260 773 3319 convenit
800 3279 857 3319 nec
886 3257 1183 3326 alitterisnimium

65 3366 227 3426 abhorret:
250 3370 424 3429 commodam
450 3364 615 3441 (c'modam).
661 3365 714 3425 Sic
738 3364 877 3425 Catullus
900 3366 933 3423 X
953 3374 987 3427 26
1008 3367 1183 3422 commodam

63 3475 143 3530 enim
172 3474 234 3530 colo
269 3477 308 3531 ad
335 3474 467 3546 Serapim
495 3475 617 3547 Deserat
647 3491 685 3532 ex
713 3493 862 3554 perquam
886 3471 1038 3552 probabili
1067 3469 1183 3529 Handii

64 3576 243 3636 coniectura
264 3577 296 3636 in
315 3577 578 3638 observationibus
598 3599 628 3658 p.
651 3588 695 3642 54.
738 3582 780 3639 Et
800 3581 927 3639 Plautus
952 3580 983 3637 in
1005 3576 1110 3638 Sticho
1132 3586 1184 3639 366

63 3703 106 3744 ex
134 3683 242 3743 subtili
267 3685 321 3743 Fr.
340 3683 505 3744 Biioheleri
534 3684 747 3746 emendatione
776 3685 861 3765 (novi
883 3687 978 3746 musei
996 3685 1094 3747 Rhea.
1117 3684 1183 3743 XII

62 3812 95 3870 p.
124 3788 204 3868 l32):
245 3792 424 3849 Oo'mmodam
453 3793 601 3850 radtdcsac
628 3809 658 3849 sc
683 3810 749 3851 ecce
776 3795 820 3851 so'l
846 3796 1004 3867 superabat
1031 3793 1070 3850 c'c
1097 3797 1181 3863 mari,

62 3895 119 3956 ubi
142 3917 211 3956 cum
232 3915 297 3956 ecce
318 3899 510 3976 coniungitur
529 3903 713 3969 commodam,
736 3908 769 3958 ut
789 3900 820 3957 in
839 3908 942 3958 nostro
960 3900 1098 3978 exemplo
1116 3920 1183 3959 cum

63 4020 117 4074 en,
147 4011 179 4062 et
206 4004 250 4063 sio
272 4005 395 4083 saepius
419 4013 481 4063 tam
504 4009 679 4063 commodam
703 4025 793 4084 quam
810 4011 954 4065 commodo
976 4015 1007 4065 et
1029 4010 1182 4065 commode.

64 4107 117 4168 Ofr
140 4109 280 4188 Scaliger
307 4108 347 4169 ad
377 4108 530 4170 Catullum
558 4131 587 4189 p.
612 4120 654 4172 12.
700 4109 843 4172 Ceterum
867 4133 930 4172 non
952 4112 1131 4191 infrequens
1152 4114 1184 4170 in

62 4214 223 4277 veteribus
242 4215 328 4276 libris
350 4226 398 4277 est
419 4237 472 4292 ea,
503 4238 563 4298 qua
586 4238 655 4277 mea
675 4220 782 4277 nititur
802 4219 990 4291 emendatio,
1021 4221 1134 4276 modam
1154 4225 1185 4276 et

61 4326 180 4382 domam
209 4321 375 4387 formarum
402 4326 594 4403 permutatio.
651 4327 702 4384 Fr.
731 4325 780 4384 Ill
811 4326 918 4404 scripsi
960 4342 1003 4385 ex·
1027 4324 1184 4384 luculenta
1254 4376 1262 4394 „
