2760 4890
485 325 744 376 coumcmuss.
1117 313 1171 377 ttt

56 509 143 563 eam,
175 459 268 569 quam
290 485 382 562 vulgo
407 484 597 564 potissimum
620 485 651 543 in
672 483 719 542 his
750 482 906 562 opusculis
928 491 1090 544 tractatam
1112 486 1177 564 opi·

55 602 185 667 uantur,
212 574 438 672 philosophiam
467 589 641 670 disceptari.
671 589 811 649 'Accede
835 588 874 647 ad
898 578 1017 668 p'artem
1038 590 1176 664 alteram,

56 721 118 779 qua
142 720 211 759 cum
235 699 298 757 alia
325 705 388 756 tum
410 678 730 777 epularumlibidines
754 705 876 755 saturae
895 717 977 754 more
1001 704 1176 776 carpuntur.

55 807 169 885 Itaque
196 813 351 884 tamquam
372 803 527 880 specimen
551 803 614 860 eius
637 800 776 861 luxuriae
798 802 1022 887 Nomentanum
1045 800 1177 881 aliquem

57 911 251 989 depinxerat.

142 1046 224 1106 XIV
245 1042 288 1124 (4)
311 1024 439 1104 Cohortia
460 1063 593 1104 cocorum
615 1054 701 1120 utque
721 1047 913 1104 hamiotarum
936 1062 1146 1130 aucupumque.

142 1181 206 1242 XV
229 1178 272 1259 (5)
296 1181 365 1239 Cim
387 1183 547 1239 coassumi
564 1191 699 1254 putaret.
720 1181 859 1254 quintum
880 1184 988 1254 sumpti
1005 1181 1119 1253 se'cerit.

142 1316 224 1378 XVI
246 1313 305 1394 (tt)
330 1317 430 1389 Ipsum
444 1333 573 1389 propere
594 1320 645 1374 rix
661 1317 757 1406 trherti
775 1317 937 1374 remicitrati
957 1317 1176 1390 exsequia'ntur.

56 1456 108 1513 Fr.
133 1453 213 1514 XIV
240 1459 271 1511 at
290 1452 353 1513 XV
382 1452 521 1531 apposite
542 1451 663 1510 Horatii
684 1452 822 1512 versibus
849 1452 1040 1511 illustrantur
1063 1428 1127 1511 sat.¹
1144 1452 1177 1510 II

56 1569 83 1632 3,
107 1568 162 1620 224
179 1577 248 1638 sqq.
344 1621 348 1631 ,
1062 1562 1065 1566 ’

201 1696 298 1753 -Nuac
319 1713 372 1770 ope
392 1698 542 1754 luocuriam
565 1703 594 1753 et
615 1698 823 1753 Nomentanum
845 1699 1093 1778 arripamecum:

215 1804 271 1861 Hic
291 1805 376 1859 simul
395 1805 505 1876 occepit
521 1805 681 1874 patrimoni
700 1805 774 1861 mille
794 1806 909 1872 talento,

213 1910 322 1978 Edicit,
341 1911 472 1982 piscator
493 1912 549 1978 uti,
568 1913 734 1993 patrarint,
755 1926 871 1983 aucupa,

216 2015 429 2089 Unquentorius
451 2034 487 2074 ac
508 2019 582 2074 tusci
600 2019 685 2074 turbo
705 2019 793 2089 impio
808 1990 877 2084 aim,

214 2122 283 2178 Cum
301 2107 538 2194 scurrir'sartoa
560 2141 624 2181 cum
653 2124 773 2181 Velabro
792 2138 873 2181 omne
895 2124 1043 2181 macellum

212 2228 301 2285 Mane
322 2228 435 2285 domum
454 2232 577 2287 ueniant.

57 2381 129 2440 Nec
151 2378 310 2453 absimilis,
331 2368 596 2459 quamquamalio
617 2381 743 2440 consilio
763 2381 873 2453 iactus,
893 2378 1178 2458 cuppedinariorum

55 2473 227 2561 recensus,
250 2504 339 2567 quem
360 2486 500 2544 Terentii
519 2489 668 2566 parasitus
691 2487 814 2547 Gnatho
835 2485 898 2545 edit
920 2487 951 2544 in
973 2485 1121 2545 Eunucho
1148 2508 1179 2546 v.

56 2601 111 2657 mo
133 2591 181 2671 (ΙΙ
201 2601 228 2666 t,
251 2589 298 2669 25)
320 2609 366 2670 sq.

214 2729 397 2787 Concurrunt
418 2729 488 2784 laeti
508 2731 549 2784 mi
567 2729 676 2786 dboiam
698 2730 902 2802 cuppe'diuarii
920 2731 1033 2788 dmues:

214 2831 335 2903 Oetdrir',
356 2833 440 2903 lanii,
460 2838 557 2908 coqui,
577 2835 723 2908 sartores,
744 2837 914 2908 piscatores.

56 2989 110 3047 Fr.
134 2986 199 3047 XV
221 3004 289 3045 cum
310 2978 448 3044 inlibris
469 3005 500 3064 p.
524 2995 585 3059 485,
609 2996 627 3067 ’ζ
648 2988 688 3046 sit
712 2996 845 3057 mutaret,
870 2987 1021 3048 Oehlerus
1044 2993 1176 3069 reposito

55 3101 241 3169 computaret
257 3091 428 3152 sententiae
445 3090 524 3151 bene
542 3094 704 3167 consuluit,
722 3104 848 3153 metrum
861 3097 1086 3172 pessumdedit:
1103 3099 1177 3156 Mei-

55 3199 186 3273 nekius,
217 3215 386 3277 agnoscens
415 3199 635 3276 septenarium,
663 3200 796 3257 restituit
825 3198 857 3258 id
883 3200 964 3280 quod
992 3210 1054 3259 tam
1077 3203 1178 3259 sensui

56 3304 333 3384 scriptoris'quam
354 3306 487 3365 numeris
510 3305 701 3363 conveniret:
721 3313 842 3378 putaret
865 3305 971 3364 eadem
994 3308 1025 3364 vi
1048 3327 1107 3384 qua
1126 3307 1178 3364 ille

55 3419 249 3485 computaret.
294 3410 347 3471 Sic
365 3411 492 3471 Plautus
513 3413 545 3470 in
563 3411 739 3470 Trinummo
760 3418 812 3472 416
835 3407 884 3485 (Π
905 3419 931 3482 4,
958 3411 1001 3490 14)
1026 3432 1072 3491 sq.

12 3593 20 3614 ,
109 3546 112 3551 “
214 3547 286 3607 Seru
307 3547 393 3623 sitque
412 3553 506 3619 stulta,
524 3548 613 3623 prius
635 3548 712 3621 quod
732 3552 847 3604 cautum
871 3547 1004 3619 optinuit,

213 3653 370 3728 Postqudm
393 3658 512 3713 comedit
534 3655 604 3725 νέφη,
626 3662 691 3726 post
713 3655 853 3712 ratione'm
868 3664 963 3728 putat.
1061 3720 1077 3745 ⁴

58 3786 111 3847 Of.
132 3787 232 3848 Varro
256 3788 294 3848 de
315 3789 335 3848 l.
358 3790 380 3850 l.
404 3790 449 3849 VI
469 3799 504 3854 63
525 3792 568 3850 M.
605 3788 743 3866 Scaliger
764 3790 796 3848 in
819 3790 1024 3850 coniectaneis
1040 3812 1070 3871 p.
1090 3800 1134 3854 86.

146 3894 199 3952 Fr.
215 3893 305 3967 XVI,
328 3903 361 3953 ut
375 3897 522 3974 suspicor,
545 3897 691 3974 ganeonis
706 3896 804 3966 istius,
828 3896 912 3954 cuius
928 3897 1022 3955 vitam
1037 3904 1107 3956 ante
1126 3897 1179 3957 de·

58 3999 185 4083 scripsit
199 3998 307 4072 Vane,
333 4001 424 4059 etiam
448 4004 547 4060 exitus
570 4001 766 4078 significatur.
800 4003 901 4074 Ipsum
925 4001 1076 4061 dominum
1095 4002 1178 4077 dicit,

59 4123 153 4184 quem
168 4102 270 4163 liberti
289 4106 427 4179 efferant,
446 4108 512 4166 sive
527 4106 734 4186 praecedebat
749 4128 868 4181 nomeu,
887 4111 951 4168 sive
965 4129 1031 4167 cum
1044 4110 1180 4188 emphasi

59 4210 179 4276 dictum
205 4219 254 4271 est
280 4211 459 4291 simpliciter
486 4217 597 4286 ipsum:
625 4221 658 4272 ut
681 4210 761 4291 apud
781 4211 923 4270 Plautum
945 4217 977 4273 in
1000 4215 1112 4275 Casina
1135 4217 1179 4275 IV

58 4325 87 4390 2,
112 4327 160 4378 10:
191 4318 268 4387 Quid
289 4325 319 4375 tu
339 4320 387 4377 hic
408 4324 490 4394 apia?
515 4322 578 4395 qu
600 4336 641 4389 eo,
663 4336 718 4392 quo
741 4339 784 4378 me
805 4324 870 4396 ipso
891 4326 975 4380 misit.
1016 4322 1064 4381 Of.
1083 4322 1178 4381 Hein-
