2760 4890
632 1231 689 1312 lV

185 1454 275 1512 Mitto
306 1473 386 1512 nunc
413 1454 515 1533 plura,
542 1471 622 1532 quae
642 1451 681 1510 de
701 1450 756 1509 illa
777 1459 809 1509 et
830 1449 899 1508 aliis
919 1448 1028 1506 saturis
1052 1468 1069 1506 e
1089 1446 1215 1505 metrico

98 1579 214 1636 genere
243 1557 397 1620 monenda
422 1558 589 1638 aliquando
614 1565 746 1618 restent:
776 1566 809 1617 ut
833 1557 937 1637 paullo
967 1555 1128 1633 largiorem
1149 1574 1216 1612 ver·

97 1685 186 1723 suum
209 1686 354 1741 messem,
377 1688 467 1747 quam
490 1668 522 1726 in

545 1775 773 1851 rnnuauoun

98 1920 176 1995 feci,
206 1941 358 2002 exponam
386 1922 584 2001 eiusdemque
606 1932 727 1982 saturae
752 1927 977 1998 argumentum,
1006 1918 1108 1996 quoad
1134 1918 1216 1990 licet,

99 2046 251 2087 enarrem.
295 2027 448 2088 Exordiar
476 2036 578 2088 autem
598 2050 616 2088 a
636 2029 766 2110 Iosepho
788 2025 962 2102 scaligero,
986 2046 1075 2104 quem
1099 2025 1162 2097 hic,
1185 2032 1219 2083 ut

98 2134 193 2208 solet,
222 2133 375 2201 Oehlerus
393 2133 547 2212 neglexit,
581 2143 612 2194 et
626 2136 841 2214 <neglexerunt
868 2133 921 2190 alii
945 2152 1012 2190 cum
1036 2130 1216 2189 detrimento

99 2240 257 2301 Varronis.
289 2242 321 2301 Is
345 2241 425 2301 enim
446 2241 476 2300 in
496 2241 703 2322 coniectaneis
723 2251 822 2320 p.119
844 2239 1034 2299 continuavit
1051 2238 1129 2297 haec
1152 2246 1217 2296 Prn-

99 2368 213 2403 rrnnoms
239 2347 426 2426 fragmenta:
458 2345 501 2428 (5)
530 2349 659 2407 Caeditur
687 2351 779 2406 lucrm:
808 2352 864 2406 aliu
889 2348 972 2421 frons
998 2348 1097 2402 decidit
1122 2347 1216 2402 Pullo-

98 2459 163 2529 des,
190 2459 325 2531 platanos
353 2459 455 2513 rcmr‘s:
496 2452 540 2533 (6)
579 2457 635 2511 aliu
662 2456 739 2511 trabs
761 2458 862 2529 pronis
895 2457 923 2511 in
950 2453 1061 2509 bremam
1090 2454 1218 2508 accidens

95 2579 257 2636 proxumae
281 2563 392 2637 frangit
417 2577 512 2618 ramos
537 2564 654 2619 cudens:
684 2560 726 2640 (4)
754 2564 831 2620 Alius
854 2568 978 2617 teneram
1004 2560 1117 2615 abietem
1138 2563 1218 2616 retnis

99 2672 156 2726 sole
173 2671 319 2742 percellit:
349 2665 391 2746 (3)
420 2671 492 2725 clius
520 2670 656 2726 caballum
683 2671 793 2726 arboris
814 2686 892 2724 ramo
914 2671 942 2724 in
963 2668 1061 2724 barnili
1080 2668 1218 2738 alligabam

101 2778 246 2849 relinquit,
275 2769 318 2852 (2)
336 2776 434 2848 ferens
452 2776 580 2848 fencem
596 2777 712 2833 bnmcro
727 2776 870 2848 &parsurm
885 2778 1013 2832 secterbn.
1042 2772 1121 2831 Nolo
1138 2792 1218 2830 nunc

100 2880 293 2960 perpendere
312 2881 450 2960 singula:
481 2901 552 2939 nam
573 2880 703 2938 mutavit
723 2879 874 2960 quaedam
896 2879 1036 2955 Scaliger
1058 2881 1089 2937 in
1114 2880 1218 2955 singn-

101 2987 149 3047 lie.
175 2989 213 3046 In
235 2988 412 3048 universum
431 2986 590 3066 praeclare
613 2985 666 3045 illc
690 3006 706 3044 e
730 2986 861 3045 diversis
887 2986 981 3045 Nonii
1005 2985 1129 3045 latebris
1149 3008 1218 3045 con-

101 3096 214 3172 gessit,
249 3115 328 3175 quae
358 3093 465 3154 endem
487 3093 670 3153 narrationis
692 3092 806 3152 ambitu
835 3091 982 3150 contineri
1010 3103 1220 3171 perspexerat.

101 3202 228 3262 Numeri
256 3202 288 3261 in
317 3200 377 3260 illis
405 3220 477 3260 casu
505 3200 648 3277 sugerunt
676 3199 918 3259 sollertissimum
940 3200 1086 3258 metricae
1110 3200 1219 3260 Varro·

101 3307 212 3367 nianae
242 3307 500 3385 investigatorem.
563 3305 625 3367 Sed
658 3307 797 3385 percepti
824 3315 894 3366 suut
929 3327 947 3364 a
973 3304 1078 3365 subtili
1108 3308 1220 3366 veteris
1308 3351 1315 3367 .

101 3415 204 3492 poesis
227 3414 436 3487 aestimatore,
467 3413 582 3484 Nauio,
608 3413 661 3492 qui
680 3412 861 3472 bacchiacos
883 3433 990 3472 versus
1012 3413 1043 3470 in
1066 3413 1126 3471 illis
1151 3435 1218 3492 per-

102 3523 269 3582 sentiscere
289 3522 374 3581 visus
397 3529 451 3582 est.
495 3518 582 3580 Idem
611 3519 744 3578 deflectit
773 3540 834 3578 non
858 3519 934 3578 nihil
955 3518 992 3577 ab
1017 3520 1123 3579 ordine
1146 3525 1219 3583 Sca-

102 3627 249 3705 ligerano.
300 3626 364 3688 Sed
393 3647 544 3708 apponam
574 3627 641 3706 ipsa
668 3627 763 3686 Nekii
794 3625 904 3700 verba,
946 3646 1025 3705 quac
1055 3628 1161 3687 scribit
1191 3631 1221 3689 in

98 3734 317 3797 ,commentario
340 3732 379 3793 ad
404 3733 561 3794 Valerium
581 3731 728 3793 Catonem
752 3753 842 3815 quem
860 3741 951 3792 vocat
973 3753 1003 3811 p.
1025 3743 1073 3798 63:
1105 3737 1221 3796 ‘Varro

100 3838 293 3916 Parmenone
313 3839 395 3920 apud
412 3834 543 3907 Nonium
565 3860 596 3919 p.
613 3849 662 3914 79,
683 3851 715 3904 19
737 3841 768 3899 in
786 3840 878 3900 simili
893 3850 927 3899 ut
947 3838 1068 3899 videtur
1086 3841 1220 3922 descrip·
1257 3845 1260 3851 ’

101 3945 200 4006 tione:
304 3966 308 3972 ’

252 4083 350 4156 serens
368 4083 496 4157 ferreum
516 4085 631 4142 bumcro
650 4086 792 4158 br'pcrnwm
813 4088 933 4142 securim
1007 4066 1010 4071 ¹

99 4216 151 4275 vel
177 4224 211 4276 nt
231 4216 373 4295 Scaliger
396 4263 403 4277 .
427 4218 512 4278 .ista
542 4217 740 4297 probabiliter
770 4220 928 4278 coniunxit
953 4241 1019 4279 cum
1049 4221 1109 4279 alio
1139 4219 1219 4300 apud

100 4322 439 4401 Noniumfragmento:
