<?xml version="1.0" encoding="UTF-8"?>
<!DOCTYPE html PUBLIC "-//W3C//DTD XHTML 1.0 Transitional//EN"
    "http://www.w3.org/TR/xhtml1/DTD/xhtml1-transitional.dtd">
<html xmlns="http://www.w3.org/1999/xhtml" xml:lang="en" lang="en">
 <head>
  <title>
</title>
<meta http-equiv="Content-Type" content="text/html;charset=utf-8" />
  <meta name='ocr-system' content='tesseract 3.04.00' />
  <meta name='ocr-capabilities' content='ocr_page ocr_carea ocr_par ocr_line ocrx_word'/>
</head>
<body>
  <div class='ocr_page' id='page_1' title='image "./ioannisvahlenii00vahlgoog_0219.png"; bbox 0 0 2760 4890; ppageno 0'>
   <div class='ocr_carea' id='block_1_1' title="bbox 218 333 912 396">
    <p class='ocr_par' dir='ltr' id='par_1_1' title="bbox 218 333 912 396">
     <span class='ocr_line' id='line_1_1' title="bbox 218 333 912 396; baseline -0.007 -3"><span class='ocrx_word' id='word_1_1' title='bbox 218 333 280 396; x_wconf 84' lang='lat'><strong>206</strong></span> <span class='ocrx_word' id='word_1_2' title='bbox 649 333 912 389; x_wconf 61' lang='lat' dir='ltr'><strong>comeranus·</strong></span> 
     </span>
    </p>
   </div>
   <div class='ocr_carea' id='block_1_2' title="bbox 159 499 1359 4402">
    <p class='ocr_par' dir='ltr' id='par_1_2' title="bbox 159 499 1359 4402">
     <span class='ocr_line' id='line_1_2' title="bbox 217 499 1334 580; baseline -0.002 -19"><span class='ocrx_word' id='word_1_3' title='bbox 217 503 400 563; x_wconf 79' lang='lat' dir='ltr'>mentionem</span> <span class='ocrx_word' id='word_1_4' title='bbox 424 499 538 558; x_wconf 89' lang='lat' dir='ltr'><strong>factam</strong></span> <span class='ocrx_word' id='word_1_5' title='bbox 563 499 672 557; x_wconf 84' lang='lat' dir='ltr'><strong>fuisse:</strong></span> <span class='ocrx_word' id='word_1_6' title='bbox 713 509 744 558; x_wconf 92' lang='lat' dir='ltr'><strong>et</strong></span> <span class='ocrx_word' id='word_1_7' title='bbox 769 507 871 558; x_wconf 89' lang='lat' dir='ltr'><strong>tamen</strong></span> <span class='ocrx_word' id='word_1_8' title='bbox 904 501 1025 579; x_wconf 81' lang='lat' dir='ltr'><strong>scripsit</strong></span> <span class='ocrx_word' id='word_1_9' title='bbox 1056 502 1154 561; x_wconf 89' lang='lat' dir='ltr'><strong>Varro</strong></span> <span class='ocrx_word' id='word_1_10' title='bbox 1182 501 1334 580; x_wconf 82' lang='lat' dir='ltr'>propriam</span> 
     </span>
     <span class='ocr_line' id='line_1_3' title="bbox 217 601 1334 688; baseline -0.006 -20"><span class='ocrx_word' id='word_1_11' title='bbox 217 617 351 668; x_wconf 86' lang='lat' dir='ltr'><strong>saturam</strong></span> <span class='ocrx_word' id='word_1_12' title='bbox 373 601 441 682; x_wconf 82' lang='grc' dir='ltr'><strong><em>περί</em></strong></span> <span class='ocrx_word' id='word_1_13' title='bbox 463 601 560 681; x_wconf 81' lang='grc' dir='ltr'><strong><em>μέθης</em></strong></span> <span class='ocrx_word' id='word_1_14' title='bbox 582 612 645 677; x_wconf 84' lang='lat' dir='ltr'><strong>(Esr</strong></span> <span class='ocrx_word' id='word_1_15' title='bbox 665 611 754 662; x_wconf 82' lang='lat' dir='ltr'><strong>Morus</strong></span> <span class='ocrx_word' id='word_1_16' title='bbox 772 613 892 688; x_wconf 66' lang='lat' dir='ltr'><strong>Maronia</strong></span> <span class='ocrx_word' id='word_1_17' title='bbox 911 611 981 661; x_wconf 70' lang='lat' dir='ltr'><strong>nna</strong></span> <span class='ocrx_word' id='word_1_18' title='bbox 998 611 1114 679; x_wconf 80' lang='lat' dir='ltr'><strong>Macae),</strong></span> <span class='ocrx_word' id='word_1_19' title='bbox 1140 615 1171 666; x_wconf 92' lang='lat' dir='ltr'><strong>et</strong></span> <span class='ocrx_word' id='word_1_20' title='bbox 1192 607 1225 665; x_wconf 89' lang='lat' dir='ltr'><strong>in</strong></span> <span class='ocrx_word' id='word_1_21' title='bbox 1242 613 1334 684; x_wconf 76' lang='lat' dir='ltr'><strong>Moero,</strong></span> 
     </span>
     <span class='ocr_line' id='line_1_4' title="bbox 217 710 1332 790; baseline -0.003 -17"><span class='ocrx_word' id='word_1_22' title='bbox 217 717 303 773; x_wconf 89' lang='lat' dir='ltr'><strong>cuius</strong></span> <span class='ocrx_word' id='word_1_23' title='bbox 332 713 377 770; x_wconf 91' lang='lat' dir='ltr'><strong>rei</strong></span> <span class='ocrx_word' id='word_1_24' title='bbox 395 710 487 770; x_wconf 91' lang='lat' dir='ltr'><strong>hodie</strong></span> <span class='ocrx_word' id='word_1_25' title='bbox 509 710 540 768; x_wconf 91' lang='lat' dir='ltr'><strong>in</strong></span> <span class='ocrx_word' id='word_1_26' title='bbox 562 710 698 790; x_wconf 90' lang='lat' dir='ltr'><strong>reliquiis</strong></span> <span class='ocrx_word' id='word_1_27' title='bbox 722 712 890 770; x_wconf 89' lang='lat' dir='ltr'><strong>certissima</strong></span> <span class='ocrx_word' id='word_1_28' title='bbox 911 711 1044 789; x_wconf 85' lang='lat' dir='ltr'><strong>vestigia</strong></span> <span class='ocrx_word' id='word_1_29' title='bbox 1066 721 1188 785; x_wconf 81' lang='lat' dir='ltr'>extant,</span> <span class='ocrx_word' id='word_1_30' title='bbox 1212 721 1275 770; x_wconf 91' lang='lat' dir='ltr'><strong>tam</strong></span> <span class='ocrx_word' id='word_1_31' title='bbox 1294 713 1332 770; x_wconf 89' lang='lat' dir='ltr'><strong>ci-</strong></span> 
     </span>
     <span class='ocr_line' id='line_1_5' title="bbox 216 816 1332 897; baseline -0.006 -16"><span class='ocrx_word' id='word_1_32' title='bbox 216 823 321 881; x_wconf 88' lang='lat' dir='ltr'><strong>borum</strong></span> <span class='ocrx_word' id='word_1_33' title='bbox 362 817 512 878; x_wconf 83' lang='lat' dir='ltr'>luxuriem</span> <span class='ocrx_word' id='word_1_34' title='bbox 545 835 634 894; x_wconf 89' lang='lat' dir='ltr'><strong>quam</strong></span> <span class='ocrx_word' id='word_1_35' title='bbox 667 816 823 875; x_wconf 79' lang='lat' dir='ltr'><strong>licentiam</strong></span> <span class='ocrx_word' id='word_1_36' title='bbox 856 819 1112 896; x_wconf 90' lang='lat' dir='ltr'><strong>compotationum</strong></span> <span class='ocrx_word' id='word_1_37' title='bbox 1145 819 1332 897; x_wconf 81' lang='lat' dir='ltr'><strong>perstrinxit.</strong></span> 
     </span>
     <span class='ocr_line' id='line_1_6' title="bbox 216 923 1332 1008; baseline 0.002 -28"><span class='ocrx_word' id='word_1_38' title='bbox 216 929 265 989; x_wconf 81' lang='lat' dir='ltr'><strong>Of.</strong></span> <span class='ocrx_word' id='word_1_39' title='bbox 286 950 316 1008; x_wconf 88' lang='lat' dir='ltr'><strong>p.</strong></span> <span class='ocrx_word' id='word_1_40' title='bbox 339 937 382 990; x_wconf 79' lang='lat'><strong>33.</strong></span> <span class='ocrx_word' id='word_1_41' title='bbox 427 925 536 1000; x_wconf 88' lang='lat' dir='ltr'><strong>Itaque</strong></span> <span class='ocrx_word' id='word_1_42' title='bbox 566 937 708 1000; x_wconf 88' lang='lat' dir='ltr'><strong>apparet,</strong></span> <span class='ocrx_word' id='word_1_43' title='bbox 738 923 812 1002; x_wconf 87' lang='lat' dir='ltr'><strong>quid</strong></span> <span class='ocrx_word' id='word_1_44' title='bbox 841 924 894 982; x_wconf 91' lang='lat' dir='ltr'><strong>illa</strong></span> <span class='ocrx_word' id='word_1_45' title='bbox 912 927 1062 1002; x_wconf 27' lang='lat' dir='ltr'><strong>‚cognatio</strong></span> <span class='ocrx_word' id='word_1_46' title='bbox 1092 925 1265 1000; x_wconf 85' lang='lat' dir='ltr'><strong>argumenti</strong></span> <span class='ocrx_word' id='word_1_47' title='bbox 1295 923 1332 982; x_wconf 92' lang='lat' dir='ltr'><strong>ad</strong></span> 
     </span>
     <span class='ocr_line' id='line_1_7' title="bbox 216 1029 1333 1114; baseline -0.005 -20"><span class='ocrx_word' id='word_1_48' title='bbox 216 1032 403 1114; x_wconf 92' lang='lat' dir='ltr'><strong>copulandos</strong></span> <span class='ocrx_word' id='word_1_49' title='bbox 436 1029 539 1088; x_wconf 88' lang='lat' dir='ltr'><strong>titulos</strong></span> <span class='ocrx_word' id='word_1_50' title='bbox 566 1029 681 1088; x_wconf 87' lang='lat' dir='ltr'><strong>valeat.</strong></span> <span class='ocrx_word' id='word_1_51' title='bbox 731 1029 794 1089; x_wconf 89' lang='lat' dir='ltr'><strong>Sed</strong></span> <span class='ocrx_word' id='word_1_52' title='bbox 823 1051 862 1089; x_wconf 93' lang='lat' dir='ltr'><strong>ne</strong></span> <span class='ocrx_word' id='word_1_53' title='bbox 893 1033 1076 1091; x_wconf 87' lang='lat' dir='ltr'><strong>conveniunt</strong></span> <span class='ocrx_word' id='word_1_54' title='bbox 1103 1031 1229 1111; x_wconf 91' lang='lat' dir='ltr'><strong>quidem</strong></span> <span class='ocrx_word' id='word_1_55' title='bbox 1257 1033 1333 1090; x_wconf 90' lang='lat' dir='ltr'><strong>inter</strong></span> 
     </span>
     <span class='ocr_line' id='line_1_8' title="bbox 216 1134 1330 1218; baseline -0.003 -19"><span class='ocrx_word' id='word_1_56' title='bbox 216 1162 248 1199; x_wconf 88' lang='lat' dir='ltr'><strong>se</strong></span> <span class='ocrx_word' id='word_1_57' title='bbox 272 1139 499 1216; x_wconf 84' lang='lat' dir='ltr'><strong>conglutinatae</strong></span> <span class='ocrx_word' id='word_1_58' title='bbox 520 1134 593 1194; x_wconf 88' lang='lat' dir='ltr'><strong>illae</strong></span> <span class='ocrx_word' id='word_1_59' title='bbox 615 1137 820 1215; x_wconf 86' lang='lat' dir='ltr'><strong>inscriptionis</strong></span> <span class='ocrx_word' id='word_1_60' title='bbox 841 1146 955 1216; x_wconf 79' lang='lat' dir='ltr'><strong>partes,</strong></span> <span class='ocrx_word' id='word_1_61' title='bbox 975 1141 1032 1196; x_wconf 88' lang='lat' dir='ltr'><strong>nec</strong></span> <span class='ocrx_word' id='word_1_62' title='bbox 1055 1140 1098 1197; x_wconf 92' lang='lat' dir='ltr'><strong>ita</strong></span> <span class='ocrx_word' id='word_1_63' title='bbox 1119 1141 1244 1198; x_wconf 86' lang='lat' dir='ltr'><strong>iunctae</strong></span> <span class='ocrx_word' id='word_1_64' title='bbox 1260 1159 1330 1218; x_wconf 93' lang='lat' dir='ltr'><strong>qua·</strong></span> 
     </span>
     <span class='ocr_line' id='line_1_9' title="bbox 215 1241 1331 1324; baseline -0.001 -19"><span class='ocrx_word' id='word_1_65' title='bbox 215 1247 305 1305; x_wconf 89' lang='lat' dir='ltr'><strong>drant</strong></span> <span class='ocrx_word' id='word_1_66' title='bbox 326 1246 357 1303; x_wconf 93' lang='lat' dir='ltr'><strong>in</strong></span> <span class='ocrx_word' id='word_1_67' title='bbox 379 1252 513 1303; x_wconf 87' lang='lat' dir='ltr'><strong>saturam</strong></span> <span class='ocrx_word' id='word_1_68' title='bbox 537 1241 657 1320; x_wconf 90' lang='lat' dir='ltr'><strong>qualem</strong></span> <span class='ocrx_word' id='word_1_69' title='bbox 679 1262 696 1299; x_wconf 93' lang='lat' dir='ltr'><strong>e</strong></span> <span class='ocrx_word' id='word_1_70' title='bbox 720 1242 813 1302; x_wconf 82' lang='lat' dir='ltr'><strong>Gellii</strong></span> <span class='ocrx_word' id='word_1_71' title='bbox 830 1242 950 1301; x_wconf 89' lang='lat' dir='ltr'><strong>indiciis</strong></span> <span class='ocrx_word' id='word_1_72' title='bbox 966 1245 1065 1301; x_wconf 90' lang='lat' dir='ltr'><strong>animo</strong></span> <span class='ocrx_word' id='word_1_73' title='bbox 1081 1245 1248 1304; x_wconf 83' lang='lat' dir='ltr'><strong>informare</strong></span> <span class='ocrx_word' id='word_1_74' title='bbox 1263 1265 1331 1324; x_wconf 87' lang='lat' dir='ltr'><strong>pos·</strong></span> 
     </span>
     <span class='ocr_line' id='line_1_10' title="bbox 215 1337 1331 1430; baseline -0.001 -19"><span class='ocrx_word' id='word_1_75' title='bbox 215 1373 326 1411; x_wconf 90' lang='lat' dir='ltr'><strong>sumus.</strong></span> <span class='ocrx_word' id='word_1_76' title='bbox 359 1346 435 1429; x_wconf 80' lang='grc' dir='ltr'><strong><em>Περὶ</em></strong></span> <span class='ocrx_word' id='word_1_77' title='bbox 457 1337 622 1422; x_wconf 74' lang='grc' dir='ltr'><strong><em>ἐδεσμάτων</em></strong></span> <span class='ocrx_word' id='word_1_78' title='bbox 640 1348 765 1407; x_wconf 84' lang='lat' dir='ltr'><strong>inscribi</strong></span> <span class='ocrx_word' id='word_1_79' title='bbox 789 1359 920 1430; x_wconf 85' lang='lat' dir='ltr'><strong>saturae,</strong></span> <span class='ocrx_word' id='word_1_80' title='bbox 941 1350 973 1407; x_wconf 91' lang='lat' dir='ltr'><strong>in</strong></span> <span class='ocrx_word' id='word_1_81' title='bbox 996 1371 1056 1430; x_wconf 91' lang='lat' dir='ltr'><strong>qua</strong></span> <span class='ocrx_word' id='word_1_82' title='bbox 1079 1353 1176 1410; x_wconf 89' lang='lat' dir='ltr'><strong>omnis</strong></span> <span class='ocrx_word' id='word_1_83' title='bbox 1199 1353 1331 1411; x_wconf 87' lang='lat' dir='ltr'><strong>convivii</strong></span> 
     </span>
     <span class='ocr_line' id='line_1_11' title="bbox 215 1451 1329 1536; baseline -0.001 -20"><span class='ocrx_word' id='word_1_84' title='bbox 215 1458 313 1517; x_wconf 86' lang='lat' dir='ltr'><strong>cultus</strong></span> <span class='ocrx_word' id='word_1_85' title='bbox 341 1455 524 1532; x_wconf 89' lang='lat' dir='ltr'><strong>habitusque</strong></span> <span class='ocrx_word' id='word_1_86' title='bbox 554 1451 750 1529; x_wconf 78' lang='lat' dir='ltr'><strong>exigebatur,</strong></span> <span class='ocrx_word' id='word_1_87' title='bbox 784 1475 823 1514; x_wconf 90' lang='lat' dir='ltr'><strong>ne</strong></span> <span class='ocrx_word' id='word_1_88' title='bbox 852 1463 914 1513; x_wconf 89' lang='lat' dir='ltr'><strong>tum</strong></span> <span class='ocrx_word' id='word_1_89' title='bbox 943 1457 1065 1536; x_wconf 90' lang='lat' dir='ltr'><strong>quidem</strong></span> <span class='ocrx_word' id='word_1_90' title='bbox 1088 1455 1250 1536; x_wconf 89' lang='lat' dir='ltr'><strong>probabile</strong></span> <span class='ocrx_word' id='word_1_91' title='bbox 1275 1465 1329 1528; x_wconf 89' lang='lat' dir='ltr'><strong>est,</strong></span> 
     </span>
     <span class='ocr_line' id='line_1_12' title="bbox 188 1562 1331 1650; baseline -0.001 -29"><span class='ocrx_word' id='word_1_92' title='bbox 188 1565 239 1621; x_wconf 73' lang='lat' dir='ltr'><strong>=si</strong></span> <span class='ocrx_word' id='word_1_93' title='bbox 262 1564 376 1641; x_wconf 90' lang='lat' dir='ltr'><strong>primae</strong></span> <span class='ocrx_word' id='word_1_94' title='bbox 405 1579 531 1650; x_wconf 79' lang='lat' dir='ltr'><strong>mensae</strong></span> <span class='ocrx_word' id='word_1_95' title='bbox 559 1562 711 1619; x_wconf 88' lang='lat' dir='ltr'><strong>enarratio</strong></span> <span class='ocrx_word' id='word_1_96' title='bbox 734 1572 764 1620; x_wconf 91' lang='lat' dir='ltr'><strong>et</strong></span> <span class='ocrx_word' id='word_1_97' title='bbox 787 1564 971 1621; x_wconf 89' lang='lat' dir='ltr'><strong>enumeratio</strong></span> <span class='ocrx_word' id='word_1_98' title='bbox 996 1562 1129 1622; x_wconf 88' lang='lat' dir='ltr'><strong>edulium</strong></span> <span class='ocrx_word' id='word_1_99' title='bbox 1151 1563 1331 1622; x_wconf 89' lang='lat' dir='ltr'><strong>latissimum</strong></span> 
     </span>
     <span class='ocr_line' id='line_1_13' title="bbox 213 1667 1330 1746; baseline 0.001 -20"><span class='ocrx_word' id='word_1_100' title='bbox 213 1668 426 1746; x_wconf 88' lang='lat' dir='ltr'><strong>disputationis</strong></span> <span class='ocrx_word' id='word_1_101' title='bbox 448 1667 578 1744; x_wconf 87' lang='lat' dir='ltr'><strong>spatium</strong></span> <span class='ocrx_word' id='word_1_102' title='bbox 601 1667 786 1744; x_wconf 86' lang='lat' dir='ltr'><strong>expleverit:</strong></span> <span class='ocrx_word' id='word_1_103' title='bbox 807 1668 895 1746; x_wconf 84' lang='lat' dir='ltr'><strong>quasi</strong></span> <span class='ocrx_word' id='word_1_104' title='bbox 916 1669 1063 1741; x_wconf 83' lang='lat' dir='ltr'><strong>Varroni,</strong></span> <span class='ocrx_word' id='word_1_105' title='bbox 1086 1670 1330 1746; x_wconf 83' lang='lat' dir='ltr'><strong>ingeniosissimo</strong></span> 
     </span>
     <span class='ocr_line' id='line_1_14' title="bbox 212 1771 1330 1854; baseline 0.001 -24"><span class='ocrx_word' id='word_1_106' title='bbox 212 1773 368 1831; x_wconf 90' lang='lat' dir='ltr'><strong>titulorum</strong></span> <span class='ocrx_word' id='word_1_107' title='bbox 387 1773 510 1846; x_wconf 83' lang='lat' dir='ltr'><strong>artifici,</strong></span> <span class='ocrx_word' id='word_1_108' title='bbox 534 1793 596 1830; x_wconf 91' lang='lat' dir='ltr'><strong>uon</strong></span> <span class='ocrx_word' id='word_1_109' title='bbox 617 1773 649 1830; x_wconf 90' lang='lat' dir='ltr'><strong>in</strong></span> <span class='ocrx_word' id='word_1_110' title='bbox 675 1781 816 1852; x_wconf 92' lang='lat' dir='ltr'><strong>promptu</strong></span> <span class='ocrx_word' id='word_1_111' title='bbox 837 1774 946 1833; x_wconf 90' lang='lat' dir='ltr'><strong>fuisset</strong></span> <span class='ocrx_word' id='word_1_112' title='bbox 968 1775 1018 1834; x_wconf 89' lang='lat' dir='ltr'><strong>vel</strong></span> <span class='ocrx_word' id='word_1_113' title='bbox 1040 1771 1108 1854; x_wconf 77' lang='grc' dir='ltr'><strong><em>περὶ</em></strong></span> <span class='ocrx_word' id='word_1_114' title='bbox 1129 1772 1260 1833; x_wconf 81' lang='grc' dir='ltr'><strong><em>δείπνων</em></strong></span> <span class='ocrx_word' id='word_1_115' title='bbox 1280 1774 1330 1833; x_wconf 90' lang='lat' dir='ltr'><strong>vel</strong></span> 
     </span>
     <span class='ocr_line' id='line_1_15' title="bbox 212 1875 1329 1959; baseline 0.002 -23"><span class='ocrx_word' id='word_1_116' title='bbox 212 1875 280 1952; x_wconf 79' lang='grc' dir='ltr'><strong><em>περὶ</em></strong></span> <span class='ocrx_word' id='word_1_117' title='bbox 311 1878 482 1955; x_wconf 78' lang='grc' dir='ltr'><strong><em>συμποσίων</em></strong></span> <span class='ocrx_word' id='word_1_118' title='bbox 519 1880 736 1938; x_wconf 90' lang='lat' dir='ltr'><strong>convenienter</strong></span> <span class='ocrx_word' id='word_1_119' title='bbox 770 1889 947 1957; x_wconf 86' lang='lat' dir='ltr'><strong>argumento</strong></span> <span class='ocrx_word' id='word_1_120' title='bbox 983 1880 1115 1940; x_wconf 89' lang='lat' dir='ltr'><strong>indicem</strong></span> <span class='ocrx_word' id='word_1_121' title='bbox 1146 1880 1329 1959; x_wconf 85' lang='lat' dir='ltr'><strong>praefigere.</strong></span> 
     </span>
     <span class='ocr_line' id='line_1_16' title="bbox 211 1984 1331 2065; baseline 0 -21"><span class='ocrx_word' id='word_1_122' title='bbox 211 1985 333 2044; x_wconf 86' lang='lat' dir='ltr'><strong>Deinde</strong></span> <span class='ocrx_word' id='word_1_123' title='bbox 367 1985 440 2065; x_wconf 92' lang='lat' dir='ltr'><strong>quid</strong></span> <span class='ocrx_word' id='word_1_124' title='bbox 468 1984 661 2064; x_wconf 85' lang='lat' dir='ltr'><strong>proverbium</strong></span> <span class='ocrx_word' id='word_1_125' title='bbox 697 1989 799 2042; x_wconf 69' lang='lat' dir='ltr'><strong>Nescia</strong></span> <span class='ocrx_word' id='word_1_126' title='bbox 831 1991 901 2060; x_wconf 83' lang='lat' dir='ltr'><strong>qaid</strong></span> <span class='ocrx_word' id='word_1_127' title='bbox 932 2005 1033 2062; x_wconf 76' lang='lat' dir='ltr'><strong>vesper</strong></span> <span class='ocrx_word' id='word_1_128' title='bbox 1061 2005 1144 2045; x_wconf 84' lang='lat' dir='ltr'><strong>serus</strong></span> <span class='ocrx_word' id='word_1_129' title='bbox 1176 1991 1262 2045; x_wconf 78' lang='lat' dir='ltr'><strong>vebat</strong></span> <span class='ocrx_word' id='word_1_130' title='bbox 1290 1986 1331 2044; x_wconf 89' lang='lat' dir='ltr'><strong>ad</strong></span> 
     </span>
     <span class='ocr_line' id='line_1_17' title="bbox 212 2087 1328 2172; baseline 0.003 -24"><span class='ocrx_word' id='word_1_131' title='bbox 212 2087 373 2167; x_wconf 63' lang='grc' dir='ltr'><strong><em>ἕδέσματαῖ</em></strong></span> <span class='ocrx_word' id='word_1_132' title='bbox 409 2093 567 2152; x_wconf 87' lang='lat' dir='ltr'><strong>Persensit</strong></span> <span class='ocrx_word' id='word_1_133' title='bbox 589 2091 711 2170; x_wconf 90' lang='lat' dir='ltr'><strong>quidem</strong></span> <span class='ocrx_word' id='word_1_134' title='bbox 733 2093 764 2150; x_wconf 92' lang='lat' dir='ltr'><strong>in</strong></span> <span class='ocrx_word' id='word_1_135' title='bbox 780 2113 817 2151; x_wconf 90' lang='lat' dir='ltr'><strong>ea</strong></span> <span class='ocrx_word' id='word_1_136' title='bbox 832 2113 865 2152; x_wconf 89' lang='lat' dir='ltr'><strong>re</strong></span> <span class='ocrx_word' id='word_1_137' title='bbox 882 2092 954 2172; x_wconf 92' lang='lat' dir='ltr'><strong>quid</strong></span> <span class='ocrx_word' id='word_1_138' title='bbox 969 2094 1100 2171; x_wconf 90' lang='lat' dir='ltr'><strong>positum</strong></span> <span class='ocrx_word' id='word_1_139' title='bbox 1115 2101 1198 2152; x_wconf 88' lang='lat' dir='ltr'><strong>esset</strong></span> <span class='ocrx_word' id='word_1_140' title='bbox 1213 2094 1328 2152; x_wconf 91' lang='lat' dir='ltr'><strong>incom-</strong></span> 
     </span>
     <span class='ocr_line' id='line_1_18' title="bbox 210 2197 1330 2278; baseline 0.001 -24"><span class='ocrx_word' id='word_1_141' title='bbox 210 2197 292 2255; x_wconf 92' lang='lat' dir='ltr'><strong>modi</strong></span> <span class='ocrx_word' id='word_1_142' title='bbox 312 2197 517 2269; x_wconf 82' lang='lat' dir='ltr'><strong>Merclrlinus‚</strong></span> <span class='ocrx_word' id='word_1_143' title='bbox 543 2200 594 2278; x_wconf 89' lang='lat' dir='ltr'><strong>qui</strong></span> <span class='ocrx_word' id='word_1_144' title='bbox 617 2219 684 2257; x_wconf 93' lang='lat' dir='ltr'><strong>eam</strong></span> <span class='ocrx_word' id='word_1_145' title='bbox 707 2198 922 2259; x_wconf 84' lang='lat' dir='ltr'><strong>obscuritatem</strong></span> <span class='ocrx_word' id='word_1_146' title='bbox 945 2201 1073 2259; x_wconf 87' lang='lat' dir='ltr'><strong>aliarum</strong></span> <span class='ocrx_word' id='word_1_147' title='bbox 1096 2199 1330 2277; x_wconf 88' lang='lat' dir='ltr'><strong>inscriptionum</strong></span> 
     </span>
     <span class='ocr_line' id='line_1_19' title="bbox 210 2301 1328 2391; baseline 0.002 -31"><span class='ocrx_word' id='word_1_148' title='bbox 210 2301 344 2361; x_wconf 83' lang='lat' dir='ltr'><strong>tenebris</strong></span> <span class='ocrx_word' id='word_1_149' title='bbox 371 2303 557 2362; x_wconf 89' lang='lat' dir='ltr'><strong>vindicatum</strong></span> <span class='ocrx_word' id='word_1_150' title='bbox 585 2305 649 2363; x_wconf 91' lang='lat' dir='ltr'><strong>ivit.</strong></span> <span class='ocrx_word' id='word_1_151' title='bbox 694 2306 737 2363; x_wconf 89' lang='lat' dir='ltr'><strong>At</strong></span> <span class='ocrx_word' id='word_1_152' title='bbox 762 2325 829 2363; x_wconf 89' lang='lat' dir='ltr'><strong>cum</strong></span> <span class='ocrx_word' id='word_1_153' title='bbox 854 2306 1023 2391; x_wconf 85' lang='lat' dir='ltr'><strong>obscuritas</strong></span> <span class='ocrx_word' id='word_1_154' title='bbox 1042 2304 1194 2386; x_wconf 87' lang='lat' dir='ltr'><strong>quaedam</strong></span> <span class='ocrx_word' id='word_1_155' title='bbox 1218 2304 1256 2362; x_wconf 92' lang='lat' dir='ltr'><strong>de</strong></span> <span class='ocrx_word' id='word_1_156' title='bbox 1279 2325 1328 2362; x_wconf 88' lang='lat' dir='ltr'><strong>ra·</strong></span> 
     </span>
     <span class='ocr_line' id='line_1_20' title="bbox 209 2409 1335 2492; baseline 0.004 -27"><span class='ocrx_word' id='word_1_157' title='bbox 209 2409 292 2466; x_wconf 91' lang='lat' dir='ltr'><strong>tione</strong></span> <span class='ocrx_word' id='word_1_158' title='bbox 318 2411 448 2486; x_wconf 87' lang='lat' dir='ltr'><strong>partium</strong></span> <span class='ocrx_word' id='word_1_159' title='bbox 479 2411 685 2489; x_wconf 89' lang='lat' dir='ltr'><strong>inscriptionis</strong></span> <span class='ocrx_word' id='word_1_160' title='bbox 719 2413 751 2469; x_wconf 91' lang='lat' dir='ltr'><strong>in</strong></span> <span class='ocrx_word' id='word_1_161' title='bbox 778 2413 894 2484; x_wconf 84' lang='lat' dir='ltr'><strong>titulis,</strong></span> <span class='ocrx_word' id='word_1_162' title='bbox 930 2432 1054 2492; x_wconf 89' lang='lat' dir='ltr'><strong>quorum</strong></span> <span class='ocrx_word' id='word_1_163' title='bbox 1083 2410 1190 2470; x_wconf 88' lang='lat' dir='ltr'><strong>ambae</strong></span> <span class='ocrx_word' id='word_1_164' title='bbox 1222 2419 1335 2490; x_wconf 44' lang='lat' dir='ltr'><strong>partes·</strong></span> 
     </span>
     <span class='ocr_line' id='line_1_21' title="bbox 211 2514 1328 2595; baseline 0.004 -25"><span class='ocrx_word' id='word_1_165' title='bbox 211 2514 393 2572; x_wconf 87' lang='lat' dir='ltr'><strong>coniunctim</strong></span> <span class='ocrx_word' id='word_1_166' title='bbox 409 2515 596 2589; x_wconf 83' lang='lat' dir='ltr'><strong>traduntur,</strong></span> <span class='ocrx_word' id='word_1_167' title='bbox 626 2537 687 2574; x_wconf 91' lang='lat' dir='ltr'><strong>nou</strong></span> <span class='ocrx_word' id='word_1_168' title='bbox 716 2536 752 2574; x_wconf 91' lang='lat' dir='ltr'><strong>eo</strong></span> <span class='ocrx_word' id='word_1_169' title='bbox 780 2537 836 2576; x_wconf 90' lang='lat' dir='ltr'><strong>nos</strong></span> <span class='ocrx_word' id='word_1_170' title='bbox 859 2515 1011 2576; x_wconf 86' lang='lat' dir='ltr'><strong>adducere</strong></span> <span class='ocrx_word' id='word_1_171' title='bbox 1035 2516 1162 2591; x_wconf 90' lang='lat' dir='ltr'><strong>debeat,</strong></span> <span class='ocrx_word' id='word_1_172' title='bbox 1192 2524 1226 2575; x_wconf 93' lang='lat' dir='ltr'><strong>ut</strong></span> <span class='ocrx_word' id='word_1_173' title='bbox 1250 2537 1328 2595; x_wconf 86' lang='lat' dir='ltr'><strong>quas</strong></span> 
     </span>
     <span class='ocr_line' id='line_1_22' title="bbox 208 2620 1325 2702; baseline 0.005 -27"><span class='ocrx_word' id='word_1_174' title='bbox 208 2639 289 2676; x_wconf 89' lang='lat' dir='ltr'><strong>nunc</strong></span> <span class='ocrx_word' id='word_1_175' title='bbox 314 2640 369 2697; x_wconf 93' lang='lat' dir='ltr'><strong>pro</strong></span> <span class='ocrx_word' id='word_1_176' title='bbox 402 2620 505 2679; x_wconf 88' lang='lat' dir='ltr'><strong>lacero</strong></span> <span class='ocrx_word' id='word_1_177' title='bbox 534 2630 703 2681; x_wconf 87' lang='lat' dir='ltr'><strong>saturarum</strong></span> <span class='ocrx_word' id='word_1_178' title='bbox 732 2632 814 2682; x_wconf 91' lang='lat' dir='ltr'><strong>statu</strong></span> <span class='ocrx_word' id='word_1_179' title='bbox 841 2644 902 2682; x_wconf 92' lang='lat' dir='ltr'><strong>non</strong></span> <span class='ocrx_word' id='word_1_180' title='bbox 929 2623 1020 2702; x_wconf 93' lang='lat' dir='ltr'><strong>plene</strong></span> <span class='ocrx_word' id='word_1_181' title='bbox 1048 2624 1252 2701; x_wconf 88' lang='lat' dir='ltr'><strong>percipiamus</strong></span> <span class='ocrx_word' id='word_1_182' title='bbox 1281 2624 1325 2681; x_wconf 91' lang='lat' dir='ltr'><strong>in-</strong></span> 
     </span>
     <span class='ocr_line' id='line_1_23' title="bbox 208 2722 1327 2807; baseline 0.008 -28"><span class='ocrx_word' id='word_1_183' title='bbox 208 2743 282 2780; x_wconf 91' lang='lat' dir='ltr'><strong>sano</strong></span> <span class='ocrx_word' id='word_1_184' title='bbox 305 2722 404 2781; x_wconf 86' lang='lat' dir='ltr'><strong>studio</strong></span> <span class='ocrx_word' id='word_1_185' title='bbox 428 2724 619 2800; x_wconf 73' lang='lat' dir='ltr'><strong>divellamur,</strong></span> <span class='ocrx_word' id='word_1_186' title='bbox 642 2738 744 2786; x_wconf 92' lang='lat' dir='ltr'><strong>tamen</strong></span> <span class='ocrx_word' id='word_1_187' title='bbox 768 2749 805 2788; x_wconf 85' lang='lat' dir='ltr'><strong>ex</strong></span> <span class='ocrx_word' id='word_1_188' title='bbox 830 2729 929 2788; x_wconf 89' lang='lat' dir='ltr'><strong>altera</strong></span> <span class='ocrx_word' id='word_1_189' title='bbox 948 2736 1045 2807; x_wconf 89' lang='lat' dir='ltr'><strong>parte,</strong></span> <span class='ocrx_word' id='word_1_190' title='bbox 1068 2729 1127 2788; x_wconf 88' lang='lat' dir='ltr'><strong>nisi</strong></span> <span class='ocrx_word' id='word_1_191' title='bbox 1149 2731 1327 2789; x_wconf 87' lang='lat' dir='ltr'><strong>coniectura</strong></span> 
     </span>
     <span class='ocr_line' id='line_1_24' title="bbox 209 2827 1324 2914; baseline 0.01 -31"><span class='ocrx_word' id='word_1_192' title='bbox 209 2827 342 2905; x_wconf 90' lang='lat' dir='ltr'><strong>copulati</strong></span> <span class='ocrx_word' id='word_1_193' title='bbox 359 2830 475 2889; x_wconf 88' lang='lat' dir='ltr'><strong>indices</strong></span> <span class='ocrx_word' id='word_1_194' title='bbox 491 2831 583 2891; x_wconf 90' lang='lat' dir='ltr'><strong>facile</strong></span> <span class='ocrx_word' id='word_1_195' title='bbox 604 2853 639 2891; x_wconf 87' lang='lat' dir='ltr'><strong>ac</strong></span> <span class='ocrx_word' id='word_1_196' title='bbox 656 2833 811 2892; x_wconf 91' lang='lat' dir='ltr'><strong>commode</strong></span> <span class='ocrx_word' id='word_1_197' title='bbox 829 2843 947 2905; x_wconf 87' lang='lat' dir='ltr'><strong>coeant,</strong></span> <span class='ocrx_word' id='word_1_198' title='bbox 963 2856 1070 2914; x_wconf 82' lang='lat' dir='ltr'><strong>pamm</strong></span> <span class='ocrx_word' id='word_1_199' title='bbox 1085 2837 1203 2896; x_wconf 89' lang='lat' dir='ltr'><strong>consuli</strong></span> <span class='ocrx_word' id='word_1_200' title='bbox 1221 2858 1324 2897; x_wconf 88' lang='lat' dir='ltr'><strong>earum</strong></span> 
     </span>
     <span class='ocr_line' id='line_1_25' title="bbox 207 2923 1326 3017; baseline 0.013 -28"><span class='ocrx_word' id='word_1_201' title='bbox 207 2933 404 3010; x_wconf 78' lang='lat' dir='ltr'><strong>suspitionem</strong></span> <span class='ocrx_word' id='word_1_202' title='bbox 426 2937 633 3015; x_wconf 86' lang='lat' dir='ltr'><strong>probabilitati</strong></span> <span class='ocrx_word' id='word_1_203' title='bbox 655 2947 792 3017; x_wconf 91' lang='lat' dir='ltr'><strong>apertum</strong></span> <span class='ocrx_word' id='word_1_204' title='bbox 815 2948 869 2999; x_wconf 87' lang='lat' dir='ltr'><strong>est.</strong></span> <span class='ocrx_word' id='word_1_205' title='bbox 915 2942 993 3002; x_wconf 84' lang='lat' dir='ltr'><strong>Sunt</strong></span> <span class='ocrx_word' id='word_1_206' title='bbox 1012 2963 1085 3002; x_wconf 85' lang='lat' dir='ltr'><strong>vero</strong></span> <span class='ocrx_word' id='word_1_207' title='bbox 1108 2944 1138 3002; x_wconf 94' lang='lat' dir='ltr'><strong>in</strong></span> <span class='ocrx_word' id='word_1_208' title='bbox 1154 2945 1212 3004; x_wconf 91' lang='lat' dir='ltr'><strong>hac</strong></span> <span class='ocrx_word' id='word_1_209' title='bbox 1232 2923 1326 3005; x_wconf 84' lang='lat' dir='ltr'><strong>causa</strong></span> 
     </span>
     <span class='ocr_line' id='line_1_26' title="bbox 207 3040 1324 3137; baseline 0.014 -43"><span class='ocrx_word' id='word_1_210' title='bbox 207 3058 320 3137; x_wconf 75' lang='lat' dir='ltr'><strong>genera</strong></span> <span class='ocrx_word' id='word_1_211' title='bbox 347 3040 575 3121; x_wconf 88' lang='lat' dir='ltr'><strong>inscriptionum</strong></span> <span class='ocrx_word' id='word_1_212' title='bbox 604 3045 821 3106; x_wconf 89' lang='lat' dir='ltr'><strong>discernenda:</strong></span> <span class='ocrx_word' id='word_1_213' title='bbox 856 3054 890 3105; x_wconf 92' lang='lat' dir='ltr'><strong>ut</strong></span> <span class='ocrx_word' id='word_1_214' title='bbox 917 3068 1005 3107; x_wconf 89' lang='lat' dir='ltr'><strong>nemo</strong></span> <span class='ocrx_word' id='word_1_215' title='bbox 1027 3051 1100 3109; x_wconf 91' lang='lat' dir='ltr'><strong>mihi</strong></span> <span class='ocrx_word' id='word_1_216' title='bbox 1119 3071 1201 3110; x_wconf 90' lang='lat' dir='ltr'><strong>nunc</strong></span> <span class='ocrx_word' id='word_1_217' title='bbox 1225 3072 1324 3110; x_wconf 90' lang='lat' dir='ltr'><strong>meam</strong></span> 
     </span>
     <span class='ocr_line' id='line_1_27' title="bbox 207 3146 1322 3231; baseline 0.014 -30"><span class='ocrx_word' id='word_1_218' title='bbox 207 3146 411 3223; x_wconf 87' lang='lat' dir='ltr'><strong>opinationem</strong></span> <span class='ocrx_word' id='word_1_219' title='bbox 433 3150 477 3211; x_wconf 91' lang='lat' dir='ltr'><strong>·de</strong></span> <span class='ocrx_word' id='word_1_220' title='bbox 504 3154 602 3212; x_wconf 84' lang='lat' dir='ltr'><strong>Manio</strong></span> <span class='ocrx_word' id='word_1_221' title='bbox 621 3149 689 3231; x_wconf 77' lang='grc' dir='ltr'><strong><em>περὶ</em></strong></span> <span class='ocrx_word' id='word_1_222' title='bbox 715 3152 858 3229; x_wconf 83' lang='grc' dir='ltr'><strong><em>σωτηρίας</em></strong></span> <span class='ocrx_word' id='word_1_223' title='bbox 881 3153 1018 3229; x_wconf 86' lang='lat' dir='ltr'><strong>obiiciat,</strong></span> <span class='ocrx_word' id='word_1_224' title='bbox 1044 3158 1129 3216; x_wconf 90' lang='lat' dir='ltr'><strong>cuius</strong></span> <span class='ocrx_word' id='word_1_225' title='bbox 1149 3166 1253 3218; x_wconf 86' lang='lat' dir='ltr'><strong>tamen</strong></span> <span class='ocrx_word' id='word_1_226' title='bbox 1274 3179 1322 3217; x_wconf 87' lang='lat' dir='ltr'><strong>ra-</strong></span> 
     </span>
     <span class='ocr_line' id='line_1_28' title="bbox 205 3253 1322 3338; baseline 0.013 -29"><span class='ocrx_word' id='word_1_227' title='bbox 205 3253 319 3312; x_wconf 91' lang='lat' dir='ltr'><strong>tionem</strong></span> <span class='ocrx_word' id='word_1_228' title='bbox 341 3254 473 3336; x_wconf 90' lang='lat' dir='ltr'><strong>aliquam</strong></span> <span class='ocrx_word' id='word_1_229' title='bbox 500 3261 719 3319; x_wconf 88' lang='lat' dir='ltr'><strong>coniunctionis</strong></span> <span class='ocrx_word' id='word_1_230' title='bbox 744 3257 887 3318; x_wconf 84' lang='lat' dir='ltr'><strong>iudicavi.</strong></span> <span class='ocrx_word' id='word_1_231' title='bbox 933 3259 985 3319; x_wconf 85' lang='lat' dir='ltr'><strong>Sic</strong></span> <span class='ocrx_word' id='word_1_232' title='bbox 1008 3281 1064 3338; x_wconf 85' lang='lat' dir='ltr'><strong>ego</strong></span> <span class='ocrx_word' id='word_1_233' title='bbox 1088 3283 1154 3321; x_wconf 89' lang='lat' dir='ltr'><strong>cum</strong></span> <span class='ocrx_word' id='word_1_234' title='bbox 1176 3284 1228 3323; x_wconf 91' lang='lat' dir='ltr'><strong>eos</strong></span> <span class='ocrx_word' id='word_1_235' title='bbox 1251 3267 1322 3324; x_wconf 88' lang='lat' dir='ltr'><strong>titu-</strong></span> 
     </span>
     <span class='ocr_line' id='line_1_29' title="bbox 205 3359 1356 3449; baseline 0.011 -33"><span class='ocrx_word' id='word_1_236' title='bbox 205 3359 266 3432; x_wconf 85' lang='lat' dir='ltr'><strong>los,</strong></span> <span class='ocrx_word' id='word_1_237' title='bbox 298 3361 466 3443; x_wconf 88' lang='lat' dir='ltr'><strong>inquibus</strong></span> <span class='ocrx_word' id='word_1_238' title='bbox 499 3369 669 3444; x_wconf 84' lang='lat' dir='ltr'><strong>argumenti</strong></span> <span class='ocrx_word' id='word_1_239' title='bbox 695 3366 807 3425; x_wconf 89' lang='lat' dir='ltr'><strong>indicio</strong></span> <span class='ocrx_word' id='word_1_240' title='bbox 826 3369 1027 3445; x_wconf 90' lang='lat' dir='ltr'><strong>praemissum</strong></span> <span class='ocrx_word' id='word_1_241' title='bbox 1048 3378 1096 3429; x_wconf 92' lang='lat' dir='ltr'><strong>est</strong></span> <span class='ocrx_word' id='word_1_242' title='bbox 1115 3369 1321 3449; x_wconf 82' lang='lat' dir='ltr'><strong>proverbium,</strong></span> <span class='ocrx_word' id='word_1_243' title='bbox 1349 3389 1356 3405; x_wconf 88' lang='lat'><strong>·</strong></span> 
     </span>
     <span class='ocr_line' id='line_1_30' title="bbox 204 3470 1322 3555; baseline 0.012 -33"><span class='ocrx_word' id='word_1_244' title='bbox 204 3485 355 3542; x_wconf 89' lang='lat' dir='ltr'><strong>percurro,</strong></span> <span class='ocrx_word' id='word_1_245' title='bbox 378 3470 485 3530; x_wconf 87' lang='lat' dir='ltr'><strong>videor</strong></span> <span class='ocrx_word' id='word_1_246' title='bbox 507 3472 580 3531; x_wconf 92' lang='lat' dir='ltr'><strong>mihi</strong></span> <span class='ocrx_word' id='word_1_247' title='bbox 602 3475 736 3533; x_wconf 88' lang='lat' dir='ltr'><strong>rationes</strong></span> <span class='ocrx_word' id='word_1_248' title='bbox 759 3475 890 3531; x_wconf 92' lang='lat' dir='ltr'><strong>omnium</strong></span> <span class='ocrx_word' id='word_1_249' title='bbox 913 3473 1063 3552; x_wconf 88' lang='lat' dir='ltr'><strong>dispicere</strong></span> <span class='ocrx_word' id='word_1_250' title='bbox 1084 3484 1208 3555; x_wconf 88' lang='lat' dir='ltr'><strong>praeter</strong></span> <span class='ocrx_word' id='word_1_251' title='bbox 1230 3497 1322 3535; x_wconf 92' lang='lat' dir='ltr'><strong>unum</strong></span> 
     </span>
     <span class='ocr_line' id='line_1_31' title="bbox 197 3559 1324 3659; baseline 0.011 -31"><span class='ocrx_word' id='word_1_252' title='bbox 197 3559 314 3647; x_wconf 75' lang='grc' dir='ltr'><strong><em>’Ἀμμσν</em></strong></span> <span class='ocrx_word' id='word_1_253' title='bbox 336 3578 451 3652; x_wconf 85' lang='grc' dir='ltr'><strong><em>μετρεῐς</em></strong></span> <span class='ocrx_word' id='word_1_254' title='bbox 467 3573 534 3653; x_wconf 81' lang='grc' dir='ltr'><strong><em>περὶ</em></strong></span> <span class='ocrx_word' id='word_1_255' title='bbox 551 3578 764 3657; x_wconf 80' lang='grc' dir='ltr'><strong><em>φιλαργυρίας,</em></strong></span> <span class='ocrx_word' id='word_1_256' title='bbox 790 3600 849 3659; x_wconf 91' lang='lat' dir='ltr'><strong>quo</strong></span> <span class='ocrx_word' id='word_1_257' title='bbox 879 3579 904 3637; x_wconf 91' lang='lat' dir='ltr'><strong>si</strong></span> <span class='ocrx_word' id='word_1_258' title='bbox 932 3582 999 3659; x_wconf 89' lang='lat' dir='ltr'><strong>quis</strong></span> <span class='ocrx_word' id='word_1_259' title='bbox 1019 3582 1106 3640; x_wconf 91' lang='lat' dir='ltr'><strong>illum</strong></span> <span class='ocrx_word' id='word_1_260' title='bbox 1128 3585 1231 3640; x_wconf 76' lang='lat' dir='ltr'><strong>Nescis</strong></span> <span class='ocrx_word' id='word_1_261' title='bbox 1252 3586 1324 3655; x_wconf 81' lang='lat' dir='ltr'><strong>quid</strong></span> 
     </span>
     <span class='ocr_line' id='line_1_32' title="bbox 203 3677 1320 3767; baseline 0.011 -33"><span class='ocrx_word' id='word_1_262' title='bbox 203 3695 304 3751; x_wconf 80' lang='lat' dir='ltr'><strong>vesper</strong></span> <span class='ocrx_word' id='word_1_263' title='bbox 336 3697 420 3738; x_wconf 79' lang='lat' dir='ltr'><strong>serus</strong></span> <span class='ocrx_word' id='word_1_264' title='bbox 452 3685 536 3740; x_wconf 80' lang='lat' dir='ltr'><strong>vebat</strong></span> <span class='ocrx_word' id='word_1_265' title='bbox 568 3682 637 3763; x_wconf 80' lang='grc' dir='ltr'><strong><em>περὶ</em></strong></span> <span class='ocrx_word' id='word_1_266' title='bbox 664 3677 828 3763; x_wconf 75' lang='grc' dir='ltr'><strong><em>ἐδεσμάτων</em></strong></span> <span class='ocrx_word' id='word_1_267' title='bbox 855 3687 975 3746; x_wconf 86' lang='lat' dir='ltr'><strong>firmare</strong></span> <span class='ocrx_word' id='word_1_268' title='bbox 1003 3689 1092 3758; x_wconf 89' lang='lat' dir='ltr'><strong>velit,</strong></span> <span class='ocrx_word' id='word_1_269' title='bbox 1126 3688 1232 3746; x_wconf 84' lang='lat' dir='ltr'><strong>videat</strong></span> <span class='ocrx_word' id='word_1_270' title='bbox 1259 3709 1320 3767; x_wconf 89' lang='lat' dir='ltr'><strong>quo</strong></span> 
     </span>
     <span class='ocr_line' id='line_1_33' title="bbox 202 3782 1320 3870; baseline 0.01 -31"><span class='ocrx_word' id='word_1_271' title='bbox 202 3782 267 3841; x_wconf 93' lang='lat' dir='ltr'><strong>iure</strong></span> <span class='ocrx_word' id='word_1_272' title='bbox 309 3787 538 3864; x_wconf 89' lang='lat' dir='ltr'><strong>improbabilem</strong></span> <span class='ocrx_word' id='word_1_273' title='bbox 578 3792 783 3870; x_wconf 87' lang='lat' dir='ltr'><strong>opinationem</strong></span> <span class='ocrx_word' id='word_1_274' title='bbox 826 3795 911 3852; x_wconf 89' lang='lat' dir='ltr'><strong>irrita</strong></span> <span class='ocrx_word' id='word_1_275' title='bbox 954 3794 1141 3852; x_wconf 85' lang='lat' dir='ltr'><strong>correctione</strong></span> <span class='ocrx_word' id='word_1_276' title='bbox 1181 3801 1320 3853; x_wconf 88' lang='lat' dir='ltr'><strong>tueatur:</strong></span> 
     </span>
     <span class='ocr_line' id='line_1_34' title="bbox 159 3888 1319 3977; baseline 0.011 -32"><span class='ocrx_word' id='word_1_277' title='bbox 159 3950 163 3958; x_wconf 54' lang='grc'>,</span> <span class='ocrx_word' id='word_1_278' title='bbox 203 3908 263 3966; x_wconf 90' lang='lat' dir='ltr'><strong>qua</strong></span> <span class='ocrx_word' id='word_1_279' title='bbox 291 3888 328 3948; x_wconf 90' lang='lat' dir='ltr'><strong>dc</strong></span> <span class='ocrx_word' id='word_1_280' title='bbox 350 3911 383 3948; x_wconf 90' lang='lat' dir='ltr'><strong>re</strong></span> <span class='ocrx_word' id='word_1_281' title='bbox 405 3892 504 3954; x_wconf 90' lang='lat' dir='ltr'><strong>dicam</strong></span> <span class='ocrx_word' id='word_1_282' title='bbox 532 3898 620 3956; x_wconf 83' lang='lat' dir='ltr'><strong>infra.</strong></span> <span class='ocrx_word' id='word_1_283' title='bbox 665 3899 866 3958; x_wconf 89' lang='lat' dir='ltr'><strong>Proverbium</strong></span> <span class='ocrx_word' id='word_1_284' title='bbox 887 3901 981 3957; x_wconf 75' lang='lat' dir='ltr'><strong>nescis</strong></span> <span class='ocrx_word' id='word_1_285' title='bbox 1003 3919 1030 3957; x_wconf 91' lang='lat' dir='ltr'><strong>e.</strong></span> <span class='ocrx_word' id='word_1_286' title='bbox 1052 3919 1081 3977; x_wconf 88' lang='lat' dir='ltr'><strong>q.</strong></span> <span class='ocrx_word' id='word_1_287' title='bbox 1105 3919 1130 3959; x_wconf 88' lang='lat' dir='ltr'><strong>s.</strong></span> <span class='ocrx_word' id='word_1_288' title='bbox 1152 3899 1191 3958; x_wconf 88' lang='lat' dir='ltr'><strong>ad</strong></span> <span class='ocrx_word' id='word_1_289' title='bbox 1215 3902 1319 3958; x_wconf 86' lang='lat' dir='ltr'><strong>convi-</strong></span> 
     </span>
     <span class='ocr_line' id='line_1_35' title="bbox 201 3993 1319 4083; baseline 0.015 -35"><span class='ocrx_word' id='word_1_290' title='bbox 201 3993 283 4050; x_wconf 89' lang='lat' dir='ltr'><strong>vium</strong></span> <span class='ocrx_word' id='word_1_291' title='bbox 309 3996 503 4058; x_wconf 88' lang='lat' dir='ltr'><strong>referendum</strong></span> <span class='ocrx_word' id='word_1_292' title='bbox 528 4023 612 4075; x_wconf 88' lang='lat' dir='ltr'><strong>esse,</strong></span> <span class='ocrx_word' id='word_1_293' title='bbox 648 4024 697 4062; x_wconf 88' lang='lat' dir='ltr'><strong>res</strong></span> <span class='ocrx_word' id='word_1_294' title='bbox 724 4005 792 4083; x_wconf 87' lang='lat' dir='ltr'><strong>ipsa</strong></span> <span class='ocrx_word' id='word_1_295' title='bbox 819 4005 933 4064; x_wconf 91' lang='lat' dir='ltr'><strong>indicat</strong></span> <span class='ocrx_word' id='word_1_296' title='bbox 957 4026 994 4064; x_wconf 91' lang='lat' dir='ltr'><strong>ac</strong></span> <span class='ocrx_word' id='word_1_297' title='bbox 1025 4025 1110 4064; x_wconf 91' lang='lat' dir='ltr'><strong>suam</strong></span> <span class='ocrx_word' id='word_1_298' title='bbox 1136 4007 1238 4065; x_wconf 89' lang='lat' dir='ltr'><strong>lucem</strong></span> <span class='ocrx_word' id='word_1_299' title='bbox 1264 4007 1319 4065; x_wconf 93' lang='lat' dir='ltr'><strong>ba-</strong></span> 
     </span>
     <span class='ocr_line' id='line_1_36' title="bbox 201 4096 1359 4191; baseline 0.014 -36"><span class='ocrx_word' id='word_1_300' title='bbox 201 4096 253 4156; x_wconf 91' lang='lat' dir='ltr'><strong>bet</strong></span> <span class='ocrx_word' id='word_1_301' title='bbox 278 4119 294 4156; x_wconf 92' lang='lat' dir='ltr'><strong>e</strong></span> <span class='ocrx_word' id='word_1_302' title='bbox 326 4100 426 4185; x_wconf 81' lang='lat' dir='ltr'><strong>Gellii</strong></span> <span class='ocrx_word' id='word_1_303' title='bbox 447 4105 485 4163; x_wconf 91' lang='lat' dir='ltr'><strong>de</strong></span> <span class='ocrx_word' id='word_1_304' title='bbox 515 4110 579 4167; x_wconf 88' lang='lat' dir='ltr'><strong>eius</strong></span> <span class='ocrx_word' id='word_1_305' title='bbox 606 4117 727 4169; x_wconf 87' lang='lat' dir='ltr'><strong>saturae</strong></span> <span class='ocrx_word' id='word_1_306' title='bbox 753 4119 928 4188; x_wconf 85' lang='lat' dir='ltr'><strong>argumento</strong></span> <span class='ocrx_word' id='word_1_307' title='bbox 961 4112 1095 4170; x_wconf 89' lang='lat' dir='ltr'><strong>iudiciis:</strong></span> <span class='ocrx_word' id='word_1_308' title='bbox 1130 4132 1241 4191; x_wconf 90' lang='lat' dir='ltr'><strong>nempe</strong></span> <span class='ocrx_word' id='word_1_309' title='bbox 1268 4132 1319 4172; x_wconf 90' lang='lat' dir='ltr'><strong>ca·</strong></span> <span class='ocrx_word' id='word_1_310' title='bbox 1346 4167 1359 4183; x_wconf 77' lang='grc'><strong>,</strong></span> 
     </span>
     <span class='ocr_line' id='line_1_37' title="bbox 201 4206 1319 4296; baseline 0.014 -34"><span class='ocrx_word' id='word_1_311' title='bbox 201 4214 291 4264; x_wconf 90' lang='lat' dir='ltr'><strong>vetur</strong></span> <span class='ocrx_word' id='word_1_312' title='bbox 311 4206 378 4279; x_wconf 85' lang='lat' dir='ltr'><strong>illo,</strong></span> <span class='ocrx_word' id='word_1_313' title='bbox 400 4212 529 4288; x_wconf 89' lang='lat' dir='ltr'><strong>nequid</strong></span> <span class='ocrx_word' id='word_1_314' title='bbox 551 4234 619 4273; x_wconf 89' lang='lat' dir='ltr'><strong>sero</strong></span> <span class='ocrx_word' id='word_1_315' title='bbox 641 4218 763 4293; x_wconf 87' lang='lat' dir='ltr'><strong>vesperi</strong></span> <span class='ocrx_word' id='word_1_316' title='bbox 786 4237 823 4275; x_wconf 84' lang='lat' dir='ltr'><strong>ex</strong></span> <span class='ocrx_word' id='word_1_317' title='bbox 845 4217 983 4276; x_wconf 86' lang='lat' dir='ltr'><strong>convivio</strong></span> <span class='ocrx_word' id='word_1_318' title='bbox 1007 4219 1072 4276; x_wconf 87' lang='lat' dir='ltr'><strong>sive</strong></span> <span class='ocrx_word' id='word_1_319' title='bbox 1093 4238 1149 4296; x_wconf 87' lang='lat' dir='ltr'><strong>per</strong></span> <span class='ocrx_word' id='word_1_320' title='bbox 1171 4221 1319 4278; x_wconf 85' lang='lat' dir='ltr'><strong>convivas</strong></span> 
     </span>
     <span class='ocr_line' id='line_1_38' title="bbox 201 4314 1318 4402; baseline 0.013 -32"><span class='ocrx_word' id='word_1_321' title='bbox 201 4314 266 4372; x_wconf 91' lang='lat' dir='ltr'><strong>sive</strong></span> <span class='ocrx_word' id='word_1_322' title='bbox 286 4314 393 4372; x_wconf 88' lang='lat' dir='ltr'><strong>locum</strong></span> <span class='ocrx_word' id='word_1_323' title='bbox 420 4315 485 4374; x_wconf 86' lang='lat' dir='ltr'><strong>sive</strong></span> <span class='ocrx_word' id='word_1_324' title='bbox 514 4325 633 4396; x_wconf 89' lang='lat' dir='ltr'><strong>tempus</strong></span> <span class='ocrx_word' id='word_1_325' title='bbox 656 4321 720 4378; x_wconf 87' lang='lat' dir='ltr'><strong>sive</strong></span> <span class='ocrx_word' id='word_1_326' title='bbox 743 4322 841 4399; x_wconf 89' lang='lat' dir='ltr'><strong>ipsum</strong></span> <span class='ocrx_word' id='word_1_327' title='bbox 865 4332 1041 4402; x_wconf 88' lang='lat' dir='ltr'><strong>apparatum</strong></span> <span class='ocrx_word' id='word_1_328' title='bbox 1064 4325 1143 4383; x_wconf 89' lang='lat' dir='ltr'><strong>male</strong></span> <span class='ocrx_word' id='word_1_329' title='bbox 1165 4325 1318 4384; x_wconf 89' lang='lat' dir='ltr'><strong>collocato</strong></span> 
     </span>
    </p>
   </div>
   <div class='ocr_carea' id='block_1_3' title="bbox 0 0 1384 4890">
    <p class='ocr_par' dir='ltr' id='par_1_3' title="bbox 0 0 1384 4890">
     <span class='ocr_line' id='line_1_39' title="bbox 0 0 1384 4890; baseline 0 4"><span class='ocrx_word' id='word_1_330' title='bbox 0 0 1384 4890; x_wconf 95' lang='lat' dir='ltr'><strong> </strong></span> 
     </span>
    </p>
   </div>
  </div>
 </body>
</html>
