2760 4890
500 335 756 387 conmortuus.
1145 323 1185 388 63

69 495 218 555 Herculis
249 496 418 555 facinorum
451 498 593 556 recensui
621 497 821 576 praemissum
847 503 913 554 erat
939 496 978 555 fr.
1009 496 1070 556 VI:
1112 497 1188 567 Quia

69 606 119 662 Iu'c
138 611 259 662 remotos
275 621 333 662 aon
353 605 449 677 copus
483 601 675 685 Sequebatur
693 602 785 677 longa
801 600 896 660 series
917 599 1075 661 beluarum
1095 623 1186 662 manu

69 708 217 769 Herculis
241 708 506 789 interemptarum:
534 710 612 769 inter
640 728 715 790 quas
743 707 842 766 locum
866 706 949 766 haud
975 706 1066 768 dubie
1091 708 1186 768 habe-

71 813 148 875 bant
180 813 230 875 leo
261 814 450 890 Nemeaeus,
485 815 704 895 Erymanthius
739 832 828 892 aper,
866 812 936 872 alia.
980 815 1077 874 Multo
1099 816 1187 895 plura

71 921 155 979 enim
178 920 231 980 hic
250 920 372 1001 prolata
392 920 488 982 fuisse
509 899 624 999 ipsum,
653 919 736 1000 quod
756 920 828 979 inde
847 920 998 1001 reliquum
1019 928 1080 994 est,
1104 922 1185 999 frag-

70 1034 208 1087 mentum
241 1027 374 1088 indicat:
410 1025 499 1107 (VII)
528 1030 608 1086 Adde
637 1030 760 1102 hydram
788 1031 949 1086 Lernaeam
976 1035 1005 1085 et
1031 1032 1187 1088 draconem

70 1133 277 1206 Hesperidum,
297 1139 374 1231 quoti
393 1138 499 1194 bestiae
514 1137 639 1211 fuerunt
659 1138 804 1194 immanes.
848 1136 886 1195 In
908 1132 1016 1216 quibus
1035 1154 1091 1214 pro
1112 1138 1189 1208 quod
1298 1202 1304 1211 Ι

70 1234 218 1297 librorum
239 1259 269 1319 p.
289 1250 350 1314 323,
371 1250 406 1302 Ὦ
428 1243 534 1322 reponi
554 1243 682 1302 Rothius
708 1250 776 1317 quot
800 1242 913 1302 suasit:
936 1241 985 1300 cui
1007 1241 1187 1303 correctioni

66 1332 142 1403 'cnm
167 1343 332 1408 subvenire
356 1349 521 1410 Bemensis
548 1349 698 1429 scripture
718 1358 799 1424 quott
819 1349 976 1422 videatur,
1005 1347 1121 1426 sprevit
1141 1355 1186 1407 ta·

71 1468 144 1509 men
165 1470 234 1511 eam
257 1451 423 1530 Oehlerus,
453 1478 514 1517 non
544 1477 581 1516 ea
606 1457 740 1529 ratione,
768 1456 850 1537 quod
876 1457 908 1515 iu
935 1455 1062 1514 vetustis
1085 1474 1187 1515 exem·
1244 1488 1247 1492 ·

70 1554 207 1634 pleribus
233 1580 296 1619 non
316 1584 384 1624 raro
403 1569 481 1640 quod
498 1563 589 1625 scribi
613 1583 669 1643 pro
692 1572 760 1636 quot
780 1563 917 1622 novisset
940 1559 994 1640 (cf.
1016 1560 1205 1634 Lachman-¹

72 1682 130 1722 nus
149 1662 191 1723 ad
210 1665 347 1729 Lucretii
362 1669 504 1749 111317).
543 1671 624 1730 Nam
642 1667 724 1728 idem
746 1676 825 1727 Moru
846 1669 883 1730 fr.
903 1677 935 1733 7:

478 1795 555 1869 quod
577 1803 635 1851 tum
658 1769 743 1852 eraut
763 1798 794 1852 in
817 1792 949 1851 Grae'cia-

226 1898 313 1958 Goma'
331 1905 491 1974 promissa,
516 1902 588 1960 ra'oa
613 1905 718 1972 barba,
740 1901 834 1975 pa'llia

228 2005 390 2064 Trabe'utec

74 2155 141 2220 quot
162 2145 269 2206 scribit
289 2156 420 2226 temere,
450 2171 518 2211 cum
535 2172 623 2212 nemo
644 2153 746 2213 dicere
767 2150 879 2233 possit,
911 2169 1001 2230 quam
1024 2152 1094 2227 a'pte
1118 2167 1186 2206 cau·

75 2252 148 2313 salis
176 2252 330 2335 particula
352 2256 424 2317 olim
450 2257 483 2317 iu
503 2257 624 2337 integra
644 2258 796 2320 sententia
816 2257 917 2316 locum
939 2254 1110 2315 obtinuerit.
1147 2254 1189 2312 Et

75 2358 105 2419 in
126 2366 350 2419 Fcinrisuciauu
373 2363 409 2422 fr.
433 2373 450 2428 3
474 2383 542 2423 cum
564 2367 696 2426 ‘omniuo
717 2363 918 2447 probandam’
941 2360 1096 2423 Gulielmii
1119 2381 1188 2420 con·

76 2459 227 2529 ieetnrem'
246 2478 315 2545 quot
337 2468 369 2527 iu
392 2468 588 2531 adnotatione
610 2472 706 2546 dicat,
735 2471 840 2532 scribit
861 2472 892 2530 iu
914 2479 1015 2530 textu:
1052 2473 1144 2543 Atque
1165 2471 1192 2526 si

76 2578 189 2648 addam
212 2580 315 2653 quanti
334 2576 533 2637 misericordia
554 2595 618 2637 mea
639 2582 810 2638 haeredibus
832 2580 901 2635 meis
921 2585 990 2648 stet,
1011 2578 1088 2650 quod
1108 2577 1189 2633 mise·

27 2680 30 2689 '
77 2700 123 2740 ror
149 2686 376 2743 emerammi
408 2680 511 2760 inepte
539 2683 566 2741 si
594 2684 747 2744 causalem
769 2681 951 2764 particulam
972 2682 1078 2743 voluit.
1121 2680 1190 2741 Nee

77 2788 170 2867 magis
201 2809 239 2850 ea
264 2786 415 2870 particula
445 2795 547 2848 nostro
572 2788 641 2849 loco
669 2792 824 2851 convenit:
856 2809 1039 2871 quamquam
1067 2807 1123 2865 ego
1151 2805 1189 2843 ne

77 2895 178 2957 Rotbii
203 2895 327 2976 quidem
354 2894 536 2954 sententiam
564 2915 685 2978 sequar.
730 2874 858 2977 Repono
884 2903 924 2954 tot
936 2941 943 2966 ,
967 2915 1003 2954 eo
1025 2874 1099 2966 usu,
1131 2911 1190 2971 quo

78 3003 197 3083 saepius
218 3005 270 3073 ita,
293 3007 373 3074 odeo,
395 3011 454 3061 tam
477 3021 544 3060 cum
567 3001 599 3058 vi
617 3001 749 3082 quadam
761 3005 793 3063 in
806 3001 954 3085 principio
973 2999 1190 3059 sententiarum

77 3082 241 3188 ponuntur:
255 3112 347 3195 ‘Adde
370 3111 493 3184 hydram
514 3110 676 3168 Lernaeam
698 3118 727 3170 et
748 3116 901 3170 draconem
918 3108 1128 3182 Hesperidum:
1152 3109 1191 3160 tot

77 3216 182 3293 besuae
200 3216 326 3291 fuerunt
346 3218 493 3274 immanes.
524 3218 566 3275 Et
587 3216 618 3276 in
636 3217 716 3277 hanc
738 3219 800 3278 vim
821 3217 1004 3297 interpretor
1024 3208 1190 3287 Beruensis

77 3351 350 3431 scripmmmquou
368 3352 454 3412 cuius
461 3351 626 3433 antiquitus
635 3354 856 3436 hancspeciem
864 3323 1189 3429 qc'rotfuissesuspicor.

158 3471 302 3549 Eundem
319 3474 486 3535 Herculem
505 3476 620 3536 indicat
641 3477 772 3560 denique
794 3481 831 3539 fr.
850 3478 945 3540 VIII:
974 3477 1062 3544 Quem
1083 3473 1191 3529 idcirco

76 3586 155 3641 terro
181 3600 241 3641 uon
266 3586 344 3657 cepit
361 3591 391 3640 et
411 3587 522 3667 coefum
544 3590 669 3660 recepit:
697 3585 818 3665 quando
841 3582 991 3645 Hercules
1021 3598 1060 3638 ex
1086 3577 1189 3635 incon·-

76 3684 125 3745 dio
147 3684 268 3775 Oetaeo
295 3689 328 3749 in
356 3691 475 3751 caelum
494 3690 633 3752 sublatus
656 3712 724 3751 esse
743 3693 774 3751 in
796 3691 907 3752 fabulis
925 3685 1090 3749 ferebatur.
1121 3683 1191 3743 Hoc

77 3791 114 3852 de
141 3792 292 3874 scriptura
318 3793 445 3869 adiicio,
473 3817 541 3857 cum
569 3819 599 3878 p.
626 3807 695 3873 253,
731 3809 749 3862 3
779 3796 873 3857 Nonii
899 3796 943 3856 ita
974 3794 1125 3867 tradatur,
1158 3799 1193 3850 ut

76 3916 170 3979 supra
188 3900 314 3983 scripsi,
335 3922 366 3981 p.
386 3910 453 3976 384,
473 3913 490 3968 3
509 3903 609 3963 libros
632 3925 736 3964 omnes
759 3909 870 3979 recipit,
894 3912 925 3965 et
947 3921 1002 3983 pro
1024 3903 1101 3973 cepit
1121 3898 1190 3956 Lei-

76 4004 202 4067 densem
229 4006 353 4089 quidem
382 4029 449 4069 cum
478 4009 656 4072 Genevensi
684 4015 779 4086 caepit
798 4010 959 4083 exhibere,
989 4010 1102 4087 inquo
1126 4026 1191 4064 cor·

76 4111 171 4172 rectio
193 4112 320 4190 libreriI,
343 4124 377 4176 ut
398 4117 441 4191 fit,
464 4137 532 4177 cum
553 4117 707 4198 primitiva
729 4119 880 4196 scriptura
900 4115 1021 4188 coaluit,
1043 4114 1103 4173 uisi
1124 4113 1191 4191 quis

75 4218 199 4293 mavult,
215 4219 255 4280 de
278 4241 314 4281 eo
337 4222 490 4283 scribendi
512 4243 626 4301 genere
653 4225 803 4299 cogitare,
830 4223 869 4282 de
899 4243 958 4303 quo
979 4219 1192 4279 Lachmanrius

75 4324 151 4387 dixit
174 4326 214 4387 cui
235 4327 372 4388 Lucretii
391 4327 500 4388 librum
518 4330 547 4390 V
566 4338 644 4392 1229.
