2760 4890
558 351 814 397 tristimoniam.
1223 344 1241 402 5

132 509 195 587 259)
221 516 342 568 secutus
359 507 550 567 .Mercklinus
571 507 591 566 l.
616 528 641 567 c.
664 529 695 588 p.
716 519 768 572 386
791 511 990 583 existimavit,
1015 522 1046 569 ut
1069 532 1160 588 aegre
1186 512 1242 570 sibi

133 636 224 673 unam
238 614 427 693 eandemque
443 635 461 672 a
477 613 576 672 Nonio
593 615 679 673 citari
701 624 835 674 saturam
855 616 1063 695 persuaderet.
1096 617 1158 676 Sed
1175 638 1241 676 cum

132 736 202 800 pars
226 719 337 793 altera,
365 738 444 798 quae
463 719 560 778 latina
583 728 643 794 est,
669 720 778 779 indicis
800 721 959 801 utrobique
982 724 1008 781 si
1028 743 1089 782 non
1109 725 1242 802 compari

131 836 162 885 at
187 825 277 884 simili
298 825 387 884 modo
409 824 621 905 perhibeatur,
650 846 688 885 ne
711 825 839 886 alteram
860 827 999 906 quidem,
1029 849 1108 908 quae
1130 850 1241 907 graece

132 932 267 992 exhibita
294 931 408 991 rudiori
435 929 614 1010 descriptori
639 932 793 1010 negotium
816 934 972 993 facessere
996 935 1109 1015 potuit,
1139 944 1241 1013 poste-

131 1042 210 1100 riore
232 1040 299 1097 loco
321 1040 364 1096 ita
386 1045 589 1116 comparatam
611 1037 724 1111 habeo,
753 1047 787 1097 ut
806 1039 843 1125 in¹
858 1041 1012 1099 titulorum
1035 1040 1242 1101 diversitatem

103 1164 106 1169 ’
131 1167 186 1205 nos
207 1145 356 1207 deducat:
390 1143 463 1224 quid
491 1144 571 1202 enim
597 1146 640 1203 ita
668 1147 775 1205 mirum
800 1147 981 1225 praesertim
1007 1147 1088 1226 apud
1109 1149 1242 1207 Nonium

131 1255 208 1313 haec
230 1249 298 1330 περὶ
319 1241 454 1328 φθόνου,
485 1269 552 1308 cum
571 1271 699 1328 graecas
721 1252 839 1310 litteras
863 1249 963 1310 scriba
985 1251 1080 1311 latine
1102 1263 1243 1312 exararet

131 1364 162 1421 in
185 1362 265 1420 hunc
287 1359 407 1418 modum
427 1361 496 1430 peri
513 1358 614 1431 stone,
650 1358 809 1438 paullatim
838 1359 870 1417 in
898 1378 950 1417 eas
980 1359 1092 1417 formas
1119 1358 1241 1433 abiisse,

131 1488 207 1548 quas
227 1486 306 1524 nuno
325 1463 412 1538 libri,
437 1466 488 1544 qui
510 1465 615 1542 optimi
638 1472 722 1537 sunt,
745 1462 923 1543 perhibent:
941 1469 1012 1536 peri
1031 1472 1107 1523 toton
1126 1473 1157 1524 et
1178 1470 1242 1539 iper

131 1583 215 1632 toton.
262 1572 365 1650 Quare
388 1592 455 1630 eum
477 1570 564 1628 lunio
588 1577 618 1628 et
639 1571 777 1629 Mercero
807 1570 876 1628 huic
903 1571 971 1628 loco
994 1588 1033 1627 ex
1057 1572 1158 1650 priore
1180 1591 1240 1630 me-

132 1681 263 1739 dicinam
291 1687 464 1758 repetamus
488 1679 517 1735 in
541 1676 676 1753 graecis:
712 1695 748 1733 ac
773 1677 908 1734 vicissim
936 1675 981 1734 illi
1005 1673 1100 1735 latina
1124 1697 1161 1736 ex
1183 1677 1242 1735 hoc

130 1787 198 1845 loco
227 1786 416 1846 emendatius
446 1784 559 1863 scripta
592 1781 765 1842 reddamus
811 1783 891 1841 Nam
916 1781 998 1861 quod
1027 1778 1160 1839 Oehlero
1190 1779 1242 1839 alii

130 1893 327 1971 praeiverunt
360 1894 457 1949 Gloria
491 1884 558 1966 περὶ
591 1878 729 1963 φθόνου,
768 1888 799 1947 id
829 1888 952 1966 quidem
985 1886 1059 1945 mihi
1087 1906 1105 1945 a
1129 1887 1240 1947 Varro-

130 1999 224 2056 niana
256 1994 441 2055 inscribendi
474 1994 577 2052 titulos
610 1993 829 2052 consuetudine
862 1991 1025 2051 abhorrere
1057 1994 1157 2052 visum
1185 2001 1240 2052 est.

130 2107 225 2163 Immo
245 2104 405 2161 veritatem
427 2101 583 2160 Mercerus
607 2100 721 2177 tetigit,
747 2101 798 2178 qui
819 2119 849 2176 p.
873 2106 923 2160 148
947 2099 1041 2157 Varro
1060 2101 1187 2173 Inylorio
1209 2118 1240 2159 π.

130 2233 161 2284 φ,
186 2207 306 2279 scribit,
340 2228 359 2265 a
386 2227 445 2287 quo
468 2210 528 2265 non
549 2206 642 2266 distat
665 2203 891 2265 Basileensium
912 2202 1062 2280 scriptura
1084 2208 1113 2261 io
1134 2207 1239 2262 Glorio.

129 2317 247 2375 Nonius
267 2315 362 2385 enim,
386 2312 468 2393 quod
484 2311 634 2372 Oehlerus
656 2331 717 2370 non
734 2309 827 2381 valde
849 2317 991 2366 accurate
1012 2308 1188 2369 observavit
1210 2333 1241 2389 p.

129 2432 196 2495 218,
220 2423 251 2479 in
273 2417 436 2478 afferendis
456 2419 502 2477 his
537 2415 633 2476 titulis
656 2419 686 2472 in
709 2415 936 2493 praepositione
957 2414 1055 2473 rarius
1083 2416 1127 2474 uti
1145 2415 1239 2476 solet:

130 2528 320 2606 eandemque
349 2526 476 2583 formam
502 2525 658 2597 [optor-io,¹
676 2520 757 2600 quod
787 2522 878 2580 miror
910 2520 1027 2598 fugisse
1059 2523 1240 2596 Mercerum,

130 2635 218 2693 alteri
235 2633 304 2690 loeo
321 2652 351 2709 p.
364 2639 415 2692 325
431 2649 484 2708 pro
501 2628 625 2704 vulgato
645 2631 771 2685 Gloriam
787 2629 924 2689 restituo.
959 2629 1003 2688 Ut
1017 2630 1077 2688 iam
1093 2630 1125 2688 in
1139 2639 1240 2709 poste·

129 2761 194 2798 rum
223 2739 293 2797 huic
322 2745 442 2794 saturae
470 2732 595 2792 inscribi
623 2732 750 2792 debeat:
784 2740 920 2792 lnoioiuos
944 2740 1014 2790 Heri
1039 2743 1164 2794 doouov:
1205 2758 1241 2796 ac

130 2848 155 2905 si
192 2847 266 2904 licet
300 2863 338 2902 ex
370 2840 471 2900 indice
508 2841 712 2898 coniecturam
745 2841 783 2900 de
820 2851 996 2919 argumento
1031 2852 1153 2906 saturae
1192 2868 1241 2907 ca·

129 2973 220 3033 pere,
248 2950 409 3027 ingloriuS,
444 2965 534 3025 quem
559 2945 638 3004 livor
666 2956 696 3005 et
723 2949 839 3008 invidia
865 2948 1014 3022 vexabat,
1050 2956 1242 3015 occasionem

130 3060 168 3119 de
191 3057 324 3118 invidiae
346 3051 512 3113 rationibus
536 3051 711 3131 disputandi
732 3055 887 3137 praebuit:
913 3077 973 3115 non
994 3058 1084 3118 aliter
1099 3079 1189 3138 quam
1210 3063 1242 3120 in

130 3187 168 3226 ea
196 3173 315 3235 satura,
345 3161 393 3219 cui
420 3160 497 3218 haec
526 3167 573 3217 est
598 3160 754 3240 inscriptio
777 3170 885 3220 Drvron
903 3169 973 3221 Περι
993 3172 1153 3221 <ononimus
1182 3166 1242 3244 (sie

130 3274 210 3331 enirn
240 3279 324 3329 recte
352 3265 510 3338 scribitur,
544 3284 601 3324 nec
625 3265 763 3347 'debebat
790 3270 829 3330 de
864 3271 922 3327 Vae
954 3274 1034 3329 victis
1061 3273 1199 3352 cogitari)
1224 3295 1242 3333 a
1281 3258 1291 3276 ⁹

130 3378 259 3436 devictis
290 3375 453 3434 certamine
479 3373 576 3432 Varro
605 3393 710 3430 ansam
742 3373 780 3432 de
805 3376 953 3435 victoriae
981 3377 1122 3455 cupidine
1145 3378 1241 3439 disse-

129 3485 217 3544 rendi
242 3484 373 3562 repetiit.
419 3481 506 3540 Mitto
536 3499 615 3537 nunc
644 3479 719 3538 alias
744 3482 972 3559 inscriptionem
1006 3484 1037 3541 in
1067 3483 1175 3562 quibus
1203 3488 1241 3544 si-

130 3591 232 3650 milem
260 3590 386 3648 duarum
411 3588 544 3666 partium
571 3586 720 3644 rationem
742 3605 909 3662 agnoscas:
937 3586 987 3646 vel
1005 3589 1098 3664 haec,
1129 3592 1242 3674 inqua

128 3717 209 3755 nunc
234 3715 407 3766 versamur,
437 3701 556 3765 satura,
588 3691 677 3750 modo
711 3712 748 3751 ea
776 3691 944 3773 duplicem,
974 3717 1064 3775 quem
1087 3704 1241 3779 proposui,

128 3801 260 3862 indicem
287 3801 440 3872 habuerit,
468 3800 551 3858 illius
578 3799 703 3858 rationis
726 3800 906 3860 documento
928 3823 996 3863 esse
1018 3807 1123 3883 possit.
1180 3807 1242 3868 Sed

129 3908 222 3967 redeo
247 3927 264 3966 e
285 3906 466 3967 diverticulo
488 3907 520 3964 in
541 3907 633 3966 viam.

213 4015 264 4073 Fr.
281 4014 315 4072 ΙΙ
340 4018 489 4072 Fonoscur
511 4018 612 4072 adsum
635 4013 743 4091 scripsi
769 4033 836 4074 cum
860 4015 965 4074 Iunio:
994 4038 1052 4075 neo
1076 4018 1148 4096 quid
1172 4040 1240 4097 pro-

128 4121 260 4179 babilius
288 4122 327 4179 sit
353 4120 495 4179 invenio:
531 4121 624 4179 Nonii
654 4120 732 4178 enim
757 4119 826 4179 libri
849 4143 880 4201 p.
903 4131 969 4196 176,
991 4126 1156 4197 {rosbacio
1178 4145 1240 4183 rum

129 4225 306 4306 perhibent,
326 4229 430 4306 inquo
450 4222 530 4307 quod
546 4226 696 4286 Oehlerus
709 4229 849 4300 phonioio
866 4249 884 4286 a
900 4228 1008 4286 ciendo
1025 4221 1129 4303 φωνήν
1145 4232 1241 4290 latere

131 4333 320 4410 suspicatur,
353 4353 410 4392 nec
433 4335 557 4392 mixtum
583 4354 598 4392 e
626 4353 739 4411 graeca
766 4347 796 4392 et
817 4334 914 4392 latina
941 4335 1038 4392 forma
1060 4333 1241 4394 vocabulum
