2760 4890
493 357 749 407 corvmcrorvul.
936 393 942 403 .
1117 347 1175 410 139

57 520 119 578 sint
138 517 247 598 pedati
270 517 391 579 dicendi
412 526 442 577 et
462 517 543 600 quod
561 526 624 576 arte
641 523 773 592 compari
789 521 942 594 rhythmon
958 518 1031 578 dicit
1047 519 1177 579 voluerit

57 620 162 686 ertem‘
180 645 354 704 comparum
376 646 569 685 numerorum
586 625 733 702 intellegi.
779 627 901 686 Deinde
924 626 1084 685 collocatio
1107 647 1174 686 ver·

55 721 166 793 luorum
202 742 267 792 arte
299 739 430 808 compari
455 735 608 808 rhythmon
631 740 741 813 certum
770 754 836 791 non·
858 732 950 792 debet
977 733 1008 791 in
1037 735 1175 794 Varrone

58 840 242 920 displicere,
271 860 361 919 quam
387 843 486 921 quivis
509 840 631 918 politior
652 845 744 917 poe'ta
765 840 881 899 velita
903 841 1083 899 variaverit:
1111 851 1175 898 arte

57 957 169 1007 eertum
196 950 328 1020 compari
353 950 521 1022 rhythmon,
555 948 608 1005 vel
636 953 746 1006 certum
771 956 834 1003 arte
857 947 1010 1020 rhythmos
1036 925 1174 1020 compari,

58 1054 109 1112 vel
132 1053 232 1113 aliter.
277 1052 419 1130 Denique
441 1073 491 1111 res
520 1075 556 1114 eo
580 1055 752 1124 conficitur,
776 1052 857 1131 quod
879 1054 922 1110 ita
944 1053 1058 1132 scripta
1080 1054 1175 1113 verba

58 1160 88 1217 in
110 1138 253 1218 numeros
276 1165 396 1218 co'e‘unt.
445 1160 524 1220 Vide
548 1163 628 1221 enim
648 1160 704 1219 hos
725 1159 800 1219 duos
824 1158 1026 1234 oholiambos,
1049 1182 1176 1240 quorum

58 1249 179 1342 integer
202 1264 288 1339 alter,
313 1266 391 1326 alter
411 1287 471 1327 uno
488 1267 568 1347 pede
589 1287 714 1326 mancus
738 1275 799 1326 est:

213 1421 256 1476 Ne
278 1420 324 1476 mc
341 1424 467 1493 pedatus
489 1421 624 1480 versuum
649 1466 654 1477 .
681 1466 686 1476 .
711 1403 814 1479 tcirclor

55 1592 59 1601 .
109 1596 112 1601 ι
213 1525 356 1598 Refrc'net
375 1535 438 1592 arte
458 1529 591 1600 cdmpori
610 1530 764 1602 rhythmo'n
786 1527 906 1584 ce'rtum.

59 1675 185 1736 Suadet
200 1676 280 1735 enim
302 1680 370 1758 ipsa
390 1682 468 1771 ratio
490 1680 615 1738 metrica
636 1681 667 1738 in
690 1678 789 1738 medio
812 1679 912 1758 potins
934 1697 1024 1757 quam
1043 1681 1073 1737 in
1089 1681 1174 1738 initio

56 1780 245 1861 bisyllabam
265 1804 373 1844 vocem
397 1784 495 1863 (velut
517 1788 611 1860 nimis)
633 1785 811 1844 desiderari.
859 1787 1018 1842 Tardorem
1037 1776 1092 1863 pro
1108 1793 1175 1844 'tar-

59 1888 172 1960 ditate,
194 1886 396 1965 tarditudine,
419 1893 541 1952 tarditie
566 1895 632 1972 quis
655 1892 765 1951 dixerit
786 1897 908 1967 praeter
931 1873 1099 1950 Varronem
1122 1914 1174 1951 ne·

56 1997 172 2054 minem
185 1997 286 2056 novi:
319 2004 352 2055 ut
374 1997 474 2058 eidem
495 1999 648 2076 proprium
670 1997 790 2081 vIdetur
811 2014 917 2052 curvor
936 2017 991 2074 pro
1015 2000 1173 2072 curvitate,

58 2102 247 2175 curvamine,
270 2109 441 2162 curvatura.
475 2105 554 2163 Vide
575 2105 612 2163 de
633 2105 737 2180 lingua
762 2102 857 2159 latina
879 2102 907 2160 V
925 2111 982 2163 104.
1005 2105 1174 2168 V1125M.
1218 2152 1230 2165 ,
1326 2153 1330 2163 .

144 2209 236 2268 Huic·
250 2218 351 2274 autem
372 2209 453 2287 quod
475 2210 512 2269 fr.
529 2211 595 2269 XII
617 2209 759 2286 adiungo,
778 2187 874 2267 sentio
896 2229 987 2287 quam
1009 2212 1092 2268 teirui
1115 2211 1175 2270 fide

57 2315 90 2375 id
114 2316 238 2375 faciam.
282 2316 400 2393 Nempe
420 2315 565 2393 putabam
586 2317 647 2375 tale
671 2296 744 2395 qriid
767 2316 898 2375 Varroni
923 2313 1074 2374 obiectum
1095 2337 1173 2389 esse,

20 2436 25 2440 ’
57 2425 118 2483 isto
140 2422 232 2482 modo
253 2423 382 2482 miscere
406 2443 442 2482 ac
464 2425 584 2482 variare
606 2443 724 2494 verene,
749 2421 792 2479 nil
813 2413 954 2498 magnum
976 2424 1027 2481 vel
1050 2423 1174 2482 difficile

58 2548 140 2590 esse.
192 2528 250 2590 Oui
273 2530 317 2588 ita
343 2531 441 2590 Varro
471 2528 677 2607 responderit:
714 2528 745 2586 id
776 2537 875 2586 utrum
901 2550 1042 2606 magnum
1070 2533 1109 2590 sit
1137 2552 1176 2590 an

51 2616 198 2717 parvum,
220 2636 312 2695 facile
332 2657 370 2695 an
394 2636 528 2706 difficile,
552 2634 627 2692 nihil
648 2635 687 2693 ad
703 2655 780 2693 rem:
809 2655 844 2693 ao
858 2636 1024 2714 proclivius
1042 2658 1110 2698 esse
1128 2658 1174 2696 re·

55 2742 251 2824 prehendere
274 2763 363 2823 quam
386 2744 505 2802 imitari.
529 2743 664 2823 'Eorum
687 2741 848 2815 verborum
868 2743 986 2801 numeri
1007 2764 1067 2801 non
1089 2744 1174 2820 fuge-

55 2858 129 2910 runt
150 2848 304 2909 Kochium
329 2851 360 2908 in
382 2847 649 2909 exercitationibus
669 2868 699 2925 p.
727 2859 775 2920 19,
805 2851 857 2930 qui
875 2858 978 2909 tamen
1000 2853 1103 2909 nescio
1124 2871 1176 2908 cur

56 2959 176 3016 ineerta
197 2961 309 3032 quadem
332 2934 482 3034 particula
503 2955 638 3013 mutilum
658 2955 800 3014 maluerit
822 2955 1021 3014 trochaicum:

214 3110 296 3179 Quod
317 3107 457 3186 [quidem]
479 3119 576 3166 utrum
596 3111 634 3167 sit
655 3109 789 3182 mo'ynum
809 3129 847 3166 ao
864 3128 1004 3181 porcum,
1026 3109 1115 3182 sa'cile
1138 3130 1176 3168 aa

921 3216 1034 3287 difficolt
1054 3247 1096 3256 -ω

57 3372 152 3432 quam
171 3351 322 3428 Integrum
342 3370 432 3428 quem
454 3348 550 3408 verba
567 3348 717 3428 praebent
741 3349 908 3407 senarium:

177 3508 184 3521 ’
214 3487 297 3556 Quod
314 3489 411 3544 utrtlm
430 3489 466 3543 sit
486 3504 619 3559 mopnum
643 3505 683 3569 oo
697 3485 833 3557 pdroum,
854 3485 943 3556 facile
967 3504 1004 3540 on
1027 3488 1149 3559 deffleat.

56 3628 203 3719 Denidue
232 3638 311 3697 hanc
341 3657 459 3696 omnem
489 3636 668 3696 fastidiosae
696 3636 926 3696 insimulationis
950 3638 1104 3714 repulsam
1130 3641 1174 3697 vi-

57 3766 110 3805 sus
140 3754 188 3804 est
209 3744 282 3802 mihi
305 3745 400 3802 Varro
424 3744 559 3820 graviter
580 3742 627 3800 his
652 3742 768 3802 duobus
796 3727 1174 3821 tetrametris'anapaesti-

58 3853 103 3911 cis
126 3851 280 3910 finivisse:

143 3987 228 4045 XIII
252 3983 293 4065 (8)
323 3985 401 4059 Ipsis
421 3989 482 4042 istis
505 3985 589 4042 dicite
610 3984 746 4042 ‘labdon'
767 3992 794 4041 et
817 3987 892 4042 vivos
914 3990 1080 4044 contemnite
1105 3987 1175 4043 vr'oi:

48 4076 53 4083 ¹
327 4091 490 4165 Antierpate
518 4099 604 4163 atque
626 4091 722 4146 addite
744 4095 858 4161 calcar,
886 4095 986 4151 stultds
1008 4097 1176 4150 contemnite

1007 4201 1089 4258 docti.

56 4336 130 4415 Hoc
156 4335 237 4395 enim
261 4343 313 4394 aut
339 4335 437 4395 Varro
467 4332 524 4392 sibi
545 4333 611 4411 ipse
635 4332 724 4405 dicit,
755 4342 807 4392 aut
829 4333 887 4393 sibi
911 4334 949 4393 ab
972 4333 1031 4393 alio
1052 4333 1111 4392 dici
1134 4333 1173 4391 si-
