2760 4890
560 333 818 382 CONIECTANEA.

287 496 343 564 Qui
362 496 432 551 be'ne
455 498 588 552 vertendo
610 502 638 551 et
660 494 774 551 ea'sdem
794 495 944 551 scribendo
966 497 1039 550 male
1064 509 1103 550 ece

287 603 407 659 Graecis
428 604 509 659 bonis
530 602 651 659 Latinas
671 602 742 675 feeit
762 601 820 658 ndn
841 602 938 657 bonas.

132 736 185 795 ubi
204 736 276 795 vide
299 735 526 796 adnotationem
544 736 687 796 Bentleii.
729 733 849 794 Ibidem
864 743 916 797 859
935 732 977 811 (V
996 742 1028 806 2,
1049 731 1096 811 20)

436 877 486 930 uix
508 890 552 929 me
572 873 701 930 contineo
723 875 791 944 quin
812 871 932 928 involem
951 873 981 926 in

285 979 427 1052 Capillum
746 961 749 968 ¹

131 1115 212 1174 alia:
250 1136 321 1174 nam
349 1113 508 1173 Bentleius
544 1113 641 1172 voluit
671 1111 798 1171 eandem
833 1112 983 1170 rationem
1012 1111 1103 1169 etiam
1128 1111 1160 1169 in
1187 1111 1248 1170 alia

132 1219 350 1299 monosyllaba
368 1221 489 1292 valere,
512 1229 545 1278 ut
565 1239 614 1290 ac,
637 1227 701 1282 aul,
722 1228 763 1288 et,
792 1237 832 1276 ne
855 1226 940 1291 alque
962 1215 1085 1296 quidem
1107 1224 1246 1294 excepto.
1287 1284 1290 1289 ,

132 1325 196 1384 Sed
225 1346 262 1384 ea
289 1326 389 1384 omnia
416 1325 563 1384 Alfredus
589 1324 810 1383 Fleckeisenus
842 1345 860 1382 a
890 1323 1072 1382 nitidissimo
1100 1342 1153 1381 suo
1183 1322 1247 1380 eius

132 1431 240 1489 comici
264 1433 403 1511 exemplo
422 1431 528 1510 procul
550 1430 666 1490 habuit.
705 1433 773 1491 Nec
792 1429 872 1510 apud
888 1429 1019 1505 Ennium
1037 1428 1159 1507 quidem
1173 1425 1246 1486 Rib-

130 1534 259 1594 beckius

487 1663 539 1719 ope
561 1661 624 1702 mea
645 1662 684 1702 eu

284 1750 409 1808 Ince'rlis
431 1760 525 1809 certos
547 1754 747 1826 compotesque
768 1752 871 1808 einsilr'

130 1884 357 1961 tragoediarum
378 1886 465 1966 reliq.
488 1908 518 1946 v.
541 1896 588 1951 187
612 1908 657 1966 sq.
676 1886 809 1966 pertulit.
844 1886 974 1945 Varroni
997 1885 1149 1942 concessit
1170 1883 1246 1941 Mei-

130 1991 241 2049 nekius
262 1991 318 2050 hos
336 1993 447 2051 'versus
469 1999 536 2049 Cass
556 1999 641 2050 Cauno
660 2002 742 2050 Home
760 1999 837 2048 Num
863 1991 901 2048 fr.
924 2000 938 2049 1

218 2126 326 2196 Quibus
341 2109 488 2186 instabilis·
500 2129 613 2188 a'nimus
633 2134 740 2187 ardens
757 2130 931 2186 mutabiliter
950 2125 1014 2184 duel
1030 2128 1136 2183 babere
1154 2134 1182 2183 el

218 2236 282 2292 No'n
304 2236 411 2291 babere
430 2235 600 2308 fastidiliter
621 2238 798 2295 inconstanti
813 2235 942 2308 pectore.

131 2386 197 2445 Sed
223 2406 262 2444 ne
289 2385 348 2443 hoc
377 2384 499 2464 quidem
529 2390 685 2468 exemplo,
722 2389 747 2447 si
778 2384 939 2466 probatur,
974 2385 1133 2462 Roeperus
1164 2373 1271 2441 suum¹

130 2491 210 2550 illud
237 2492 356 2550 firmare
384 2496 506 2571 poterit.
556 2495 696 2554 Alterum
729 2502 830 2553 autem
864 2512 984 2551 suorum
1011 2509 1153 2548 versuum
1182 2509 1248 2546 cum

130 2595 228 2655 tribus
253 2597 429 2659 elisionibus
458 2601 646 2673 distinxerit,
680 2601 758 2660 dirae
789 2621 896 2680 parum
924 2597 1111 2675 elegantiam
1140 2616 1249 2654 versus

131 2703 294 2776 adiuvant,
328 2706 420 2774 tertia
451 2706 527 2765 adeo
564 2707 675 2766 vitiosa
714 2716 761 2765 est
792 2728 845 2780 ea,
885 2728 945 2787 qua
979 2702 1132 2763 'iambicus
1163 2702 1248 2761 vocis

130 2815 193 2869 loeo
221 2810 344 2868 finalem
372 2812 453 2870 coire
481 2832 548 2870 cum
576 2812 664 2872 brevi
691 2813 813 2893 syllaba
836 2814 934 2872 iussit.
985 2813 1105 2888 Nempe
1134 2796 1249 2889 spreuit

130 2915 321 2974 Lachmanni
339 2918 530 2990 sententiam,
551 2920 603 2997 qui
623 2918 661 2978 ad
676 2919 812 2977 Lucretii
825 2919 935 2982 111941
956 2918 1081 2977 ‘nullus’
1102 2919 1144 2976 ait
1164 2919 1248 2997 ‘pob-

129 3031 230 3080 tarum
247 3030 370 3099 praeter
387 3031 510 3082 veteres
530 3025 688 3083 scaenicos
707 3023 926 3083 vocabulorum
942 3022 1143 3083 'iambicorum
1157 3045 1247 3083 voca·

130 3128 194 3186 lem
219 3136 384 3185 extremam
412 3148 479 3185 cum
504 3126 590 3187 brevi
621 3130 744 3210 syllaba
771 3131 956 3210 copulavit':
987 3138 1018 3189 et
1042 3130 1083 3189 ad
1114 3130 1250 3189 eiusdem

128 3231 202 3291 libri
223 3254 253 3291 v.
273 3240 325 3295 954
343 3254 373 3311 Ρ.
398 3243 446 3296 199
464 3234 633 3294 Varronem
652 3238 732 3296 inter
751 3258 804 3297 eos
817 3229 931 3316 'poetas
950 3247 1101 3309 recenset,
1126 3238 1176 3315 qui
1198 3235 1249 3294 ‘ab

129 3338 259 3398 elisione
275 3337 493 3396 vocabulorum
508 3339 710 3401 'iambicorum
733 3325 853 3403 omnino
873 3343 1105 3402 abstinuerunt’.
1144 3341 1192 3402 ef.
1209 3340 1248 3400 de

131 3444 269 3504 eiusdem
280 3445 416 3503 elisionis
427 3464 484 3503 usu
496 3446 538 3503 M.
550 3446 703 3526 Hauptius
715 3450 747 3507 in
759 3445 1023 3509 observationibus
1038 3448 1151 3507 criticis
1164 3469 1195 3526 p.
1207 3454 1237 3509 17
1242 3490 1249 3504 .

129 3550 264 3629 Excepit
290 3550 497 3609 tantummodo
521 3551 735 3612 Lachmannus
764 3554 802 3612 de
830 3552 972 3612 Sotadeis
995 3551 1053 3610 hoc
1077 3551 1249 3629 exemplum

130 3662 200 3733 equi
219 3657 367 3727 blamont,
390 3657 411 3715 l.
429 3677 455 3717 c.
471 3677 500 3735 Ρ.
519 3667 569 3720 196
593 3655 678 3735 (vide
693 3659 825 3718 indicem
839 3659 1005 3717 lectionum
1021 3656 1083 3716 hib.
1099 3657 1202 3715 Berol.
1219 3677 1247 3715 a.

131 3773 279 3827 1849—50
298 3784 328 3841 Ρ.
344 3761 390 3841 4),
415 3762 452 3820 de
471 3783 529 3841 quo
546 3784 630 3822 suam
647 3764 719 3822 mihi
734 3765 892 3844 Roeperus
909 3763 1091 3822 sententiam
1104 3782 1165 3821 non
1180 3783 1247 3841 pro-

130 3870 218 3929 bavit
238 3870 259 3927 l.
279 3888 305 3929 e.
327 3889 357 3948 p.
379 3876 430 3930 227
455 3878 485 3926 el
505 3890 536 3946 Ρ.
556 3878 617 3933 571.
666 3871 776 3949 Itaque
807 3889 874 3928 cum
899 3888 937 3926 ne
965 3868 1099 3945 Roeperi
1126 3867 1249 3946 quidem

132 3975 245 4034 senarii
265 3975 397 4050 legentis
420 3975 552 4033 animum
575 3974 736 4053 expleant,
764 3973 1067 4052 circumspiciendum
1084 3984 1131 4034 est
1154 3973 1247 4046 aliud,

132 4079 255 4160 quando
285 4099 425 4161 numeros
448 4079 570 4158 quidem
593 4081 667 4138 satis
696 4090 780 4139 certa
802 4079 915 4139 indicia
936 4079 1078 4158 produnt.
1120 4080 1246 4158 Repono

133 4186 323 4265 septenarios
346 4185 533 4244 trochaicos:

221 4323 285 4379 No'n
309 4325 401 4380 uidisti
420 4322 606 4379 simulacrum
619 4300 717 4378 ‘leatus
738 4324 777 4378 ad
794 4322 877 4379 Idam
900 4323 932 4378 ed
953 4324 1022 4390 loeo,
1104 4350 1105 4353 ¹
