2760 4890
558 326 815 380 compescunt.
1203 314 1245 380 49

133 507 268 568 agnosco
287 506 357 550 cum
380 506 472 570 quem
491 506 584 569 supra
606 489 771 571 perstrinxi
796 508 883 547 usum
897 488 1085 576 praemissus
1100 507 1116 548 s
1130 489 1248 571 impuro

132 593 215 655 ivel
241 613 259 655 c
281 594 411 655 vocalis.
453 605 561 655 mutam
583 607 685 658 autem
707 616 769 677 quo
790 595 973 672 corrigatur,
992 618 1055 656 non
1075 605 1177 676 potest
1196 597 1248 656 vel

133 699 230 761 lenius
255 702 309 763 vel
328 698 375 763 rei
395 701 653 762 accommodatius
676 699 844 777 excogitari
865 720 956 782 quam
978 706 1082 764 citrum
1103 705 1246 765 Mercuri.
1347 734 1357 755 ·

195 807 386 887 'Supersunt
406 828 524 888 paucae
547 807 587 868 de
607 808 667 867 hac
682 816 785 868 satura
800 808 959 890 reliquiae,
983 809 1092 891 quibus
1111 829 1172 868 nou
1193 830 1246 889 po-

112 913 173 973 ·tui
199 913 233 973 iu
253 915 470 976 reconcinnato
491 923 670 996 argumento
698 914 804 975 eedem
825 916 998 994 assignare:
1026 917 1085 976 nisi
1106 915 1196 997 quod
1211 915 1247 975 il·

130 1020 182 1081 lud
211 1021 345 1082 diluculo
374 1032 517 1104 apparet,
549 1025 719 1086 Varronem
747 1031 872 1102 praeter
903 1020 1188 1098 demonstrativum,
1216 1024 1248 1084 in

132 1146 190 1207 quo
209 1128 341 1188 maxime
358 1128 437 1189 haec
461 1138 564 1191 satura
585 1137 736 1204 versatur,
761 1128 955 1210 eloquentiae
976 1149 1073 1207 genua
1095 1130 1186 1189 etiam
1200 1131 1246 1188 iu-

96 1241 99 1249 '
133 1232 242 1296 diciale
264 1244 297 1296 et
316 1236 409 1297 civile
424 1237 574 1316 tetigisse.
607 1236 659 1296 Ad
679 1234 758 1295 illud
771 1236 873 1296 refero
887 1236 965 1295 haec
980 1235 1039 1295 duo
1059 1237 1246 1315 fragmenta:

212 1388 264 1449 XI
288 1386 330 1469 (4)
359 1392 487 1450 Praetor
513 1401 607 1450 vester
629 1393 737 1464 eripuit
760 1393 830 1448 miti
850 1393 1020 1463 pecuniam:
1050 1393 1086 1449 de
1107 1407 1141 1448 ea
1164 1407 1246 1466 ques-

169 1504 229 1553 tum
257 1499 297 1554 ud
323 1516 432 1555 aunum
455 1500 567 1555 venium
589 1501 629 1555 ud
650 1514 754 1554 nouum
775 1501 989 1571 mopistratum,
1017 1513 1081 1554 cum
1103 1497 1150 1553 lu‘c
1172 1514 1246 1569 rapo

170 1606 303 1661 umbram
322 1620 434 1679 quoque
454 1607 518 1677 spei
541 1606 715 1661 devorasset.
997 1676 1024 1725 ο

131 1755 165 1814 Iu
191 1776 252 1837 quo
280 1758 385 1817 nescio
418 1776 458 1815 an
484 1727 597 1814 rectius
631 1758 790 1814 decorussit
817 1753 977 1814 scribatur.
1020 1756 1070 1815 De
1092 1753 1245 1813 locutione

131 1865 168 1921 ud
186 1882 295 1925 uanum
318 1860 366 1941 (ut
386 1871 522 1939 nostrum
543 1862 612 1935 utcss
633 1863 720 1934 Jatr)
744 1860 815 1919 vide
830 1845 1060 1921 Lachinanuum
1075 1862 1115 1921 ad
1131 1862 1244 1922 Lucre·

131 1966 162 2025 tii
178 1967 214 2026 Π
233 1976 280 2032 44.
309 1961 325 1975 “
1122 1960 1127 1967 ’

212 2121 280 2181 XII
304 2119 346 2201 (6)
377 2123 410 2185 Si
423 2129 465 2180 'et
491 2129 646 2180 accusator
666 2127 784 2177 atreus
805 2122 1101 2190 truncaturum,
1125 2130 1246 2194 uterque

169 2232 325 2303 utrumque
347 2233 517 2303 vituperato.
981 2202 985 2209 ’

132 2360 259 2423 Civilem
285 2372 386 2423 autem
415 2362 589 2422 facundiam
617 2379 750 2437 agnosco
778 2359 809 2417 in
828 2358 886 2418 hoc
908 2359 1095 2438 fragmento,
1121 2362 1202 2442 quod
1226 2383 1243 2422 a

131 2466 258 2528 Mercari
281 2469 455 2530 coniectura
476 2466 591 2530 scribo:

210 2604 296 2666 XIII
319 2603 362 2685 (7)
390 2607 446 2677 Qut
463 2615 559 2682 potest
585 2610 649 2664 laus
675 2607 766 2662 videri
793 2612 882 2662 uera?
909 2623 973 2661 cum
994 2609 1135 2663 innocuus
1153 2623 1244 2681 aeque

165 2706 270 2789 furaci
295 2716 334 2774 su
357 2728 474 2785 seruus,
504 2732 540 2771 ac
557 2715 747 2789 nequissimus
767 2714 837 2768 civis
855 2713 940 2769 iuxta
967 2731 1002 2768 oc
1022 2713 1143 2771 Publius
1163 2713 1274 2787 Afri-⁶

167 2838 270 2881 cauus.

131 2953 163 3014 Iu
181 2954 293 3036 quibua
313 2955 434 3016 facilius
456 2963 504 3016 cst
527 2954 630 3013 dicere
651 2954 726 3034 quid
742 2953 913 3034 displiceat,
937 2974 1027 3035 quam
1043 2974 1148 3013 varum
1166 2954 1242 3014 divi-

130 3080 199 3122 nare
235 3082 275 3122 ox
302 3053 363 3148 ha'c
381 3060 517 3140 graviter
544 3069 686 3138 corrupta
708 3060 801 3119 Nonii
823 3062 968 3120 memoria
993 3082 1024 3139 p.
1044 3068 1112 3133 32⁴2,
1133 3069 1163 3123 fit
1193 3064 1245 3134 qui

127 3177 216 3240 poau
236 3170 304 3227 laus
324 3170 418 3228 uideri
435 3178 538 3227 uersa?
556 3185 621 3225 cum
636 3174 729 3224 motus
744 3185 831 3241 saepe
842 3169 965 3241 furaces
982 3184 1117 3236 essemus,
1140 3162 1176 3224 cic
1194 3184 1242 3224 ue-

130 3279 280 3349 quissimus
301 3278 355 3335 tou
374 3278 459 3335 iuxta
480 3293 516 3334 oc
537 3264 657 3332 Publius
678 3274 847 3347 Africanus.
902 3273 905 3280 '

210 3541 314 3627 Por'go
339 3547 379 3608 ad
401 3548 523 3629 tertiam
543 3556 687 3619 saturam,
713 3563 804 3626 quam
827 3540 935 3601 eodem
952 3541 1153 3621 componendi
1171 3541 1240 3601 arti-

130 3652 193 3715 ficio
216 3655 390 3716 distinctam
411 3653 510 3713 videri
529 3653 648 3729 monui,
677 3672 760 3727 eam,
785 3651 834 3711 cui
853 3648 1066 3730 pervulgatum
1088 3637 1242 3724 Δελφικὸν

129 3754 245 3843 triow
461 3826 464 3831 Α

522 3863 640 3920 Putitii
667 3862 842 3917 ΣΕΑῩΤΟΝ

129 3998 303 4087 inscriptum
317 3982 380 4065 cst..
403 4005 475 4066 Non
483 4005 570 4064 licuit
583 4002 707 4085 quidem
721 4001 793 4062 mihi
806 4001 907 4062 omnia
925 3999 991 4060 eiua
1002 4000 1174 4078 fragmenta
1187 4018 1241 4059 ouo

130 4108 231 4171 ordine
245 4111 408 4194 disponere
427 4120 458 4172 ct
469 4102 638 4173 illustrare:
660 4111 719 4169 hoc
731 4117 833 4170 tamen
845 4115 989 4168 accurata
1002 4128 1104 4167 corum
1117 4106 1241 4186 perves-

129 4216 231 4295 tigatio
241 4219 347 4301 paullo
359 4218 471 4280 certius
486 4217 629 4298 prodidit,
643 4237 735 4295 agere
750 4237 817 4276 earn
829 4212 896 4296 περὶ
908 4212 1094 4291 φιλοσοφίας,
1109 4220 1140 4271 et
1149 4231 1241 4290 agere

130 4320 181 4400 ita,
198 4327 304 4401 uteie,
322 4323 432 4407 quibus
447 4333 556 4385 natura
572 4344 672 4384 rerum
691 4325 877 4404 exploretur,
896 4319 1140 4399 indagationibus
1156 4338 1239 4399 pror·

175 4426 310 4493 vinnan,
328 4424 411 4478 Corn.
423 4440 454 4478 ιιι
466 4427 557 4479 Vina.
572 4440 632 4476 ern.
832 4501 836 4508 .
1018 4421 1037 4480 4
1048 4498 1051 4503 ¹
