2760 4890
563 342 820 392 carrucarum.
1208 335 1248 396 27

135 523 162 562 c.
171 512 219 566 28:
239 523 274 560 uc
288 521 379 577 stipor
390 506 442 561 bos
456 506 604 578 Polybium
616 523 634 560 a
651 507 759 572 studiis,
781 507 831 576 qui
843 520 930 577 saepo
944 507 1020 562 iuter
1034 507 1106 563 duos
1118 511 1250 564 consules

134 611 315 667 ambulabat:
358 613 410 666 scd
430 618 496 667 anto
518 627 615 668 outues
637 612 805 667 Narcissum
830 613 864 667 ob
886 614 1016 684 epistulis
1043 621 1070 670 ct
1086 616 1249 672 Pallantem

134 737 153 773 a
173 720 339 774 rationibus.
382 715 430 775 Of.
453 715 584 775 eundem
600 716 632 773 in
650 717 715 775 vita
732 716 864 791 Augusti
885 736 910 775 c.
927 725 970 780 67.
1000 717 1117 778 Plinius
1134 721 1246 799 epistu·
1342 709 1345 715 ¹

132 823 231 881 larum
245 822 324 882 VIII
344 833 372 883 l:
396 824 684 899 Encolpiusquidem
702 826 806 891 tector,
828 825 875 879 illu
897 826 974 879 seria
995 832 1110 894 mostra,
1133 830 1180 884 ille
1200 832 1248 886 du·

131 932 231 997 liciae,
266 931 451 1001 exasperatis
477 930 615 1003 faucibus
638 930 760 1001 puluere
789 931 956 1000 sanquinem
985 932 1092 988 reiecit.
1139 931 1246 991 Cicero

133 1055 184 1114 ep.
209 1033 248 1092 ad
271 1032 408 1091 Atticum
429 1034 509 1094 VIII
531 1045 564 1106 5,
587 1044 612 1095 1.
655 1035 705 1094 De
726 1032 899 1112 Amphione
927 1033 1073 1110 tragoedo
1097 1056 1247 1116 numquae

133 1142 263 1200 forsitan
287 1138 361 1199 alibi
384 1139 546 1199 delitescat
567 1141 675 1199 notitia
698 1139 858 1212 historica,
894 1139 997 1199 dicere
1026 1161 1087 1199 non
1107 1163 1246 1222 possum:

84 1244 87 1249 ’
131 1268 208 1321 nec,
238 1248 264 1306 si
296 1266 357 1305 non
384 1247 534 1320 extiterit,
563 1245 622 1304 hoc
644 1245 751 1303 mirum
774 1253 825 1303 aut
848 1246 1003 1323 singulare
1031 1248 1112 1327 apud
1134 1250 1246 1310 Varro-

131 1375 218 1428 nem,
242 1355 325 1412 cuius
343 1352 431 1411 unius
445 1353 608 1411 memoriae
625 1351 715 1410 etiam
734 1351 796 1409 alia
813 1351 964 1430 quaedam
978 1354 1100 1413 nomina
1120 1366 1249 1436 accepta

131 1462 315 1521 referuntur.
344 1457 515 1518 Fabulosus
533 1458 587 1517 ille
605 1455 727 1535 quidem
741 1457 903 1536 Amphion,
925 1461 976 1539 qui
996 1459 1165 1523 Thebanae
1185 1467 1248 1523 arci

132 1567 343 1628 aedificandae
375 1562 496 1644 lapides
530 1571 621 1621 cantu
655 1563 788 1622 movisse
818 1563 989 1638 ferebatur,
1028 1565 1066 1624 ab
1091 1567 1151 1627 hoc
1179 1570 1248 1628 loco

132 1676 273 1748 alienus,
299 1674 365 1744 ,nisi
393 1669 474 1750 quod
501 1689 540 1728 ne
564 1668 641 1728 illud
662 1669 785 1750 quidem
811 1691 830 1729 a
848 1692 932 1731 more
954 1673 1092 1732 Romano
1115 1674 1248 1736 alienum

132 1789 181 1841 est
198 1780 295 1840 servis
312 1780 439 1838 heroum
453 1776 574 1834 nomina
596 1774 683 1833 addi:
713 1776 753 1833 cf.
773 1775 810 1835 Ο.
828 1777 929 1836 Iahnii
946 1779 1069 1857 specim.
1090 1781 1246 1861 epigraph.

130 1909 162 1968 p.
184 1897 228 1951 99.
267 1888 365 1947 Varro
389 1883 427 1942 de
447 1904 471 1941 r.
493 1904 516 1941 r.
541 1882 591 1940 III
614 1892 662 1954 13,
687 1890 712 1942 3.
750 1881 905 1960 Apodosis
928 1882 1068 1963 denique,
1093 1906 1172 1965 quae
1195 1888 1247 1947 de·

131 1993 300 2066 sideratur,
325 1990 482 2062 enuntiati,
507 1987 614 2068 quibus
638 2007 785 2066 expressa
801 1987 903 2048 verbis
923 1989 1024 2064 luerit,
1048 1994 1114 2071 quis
1131 1994 1247 2054 divinet

130 2097 247 2158 hodie?
275 2098 427 2157 sententia
449 2104 551 2154 autem
579 2103 632 2153 aut
655 2094 732 2152 nihil
759 2101 892 2152 autnon
915 2096 1041 2154 multum
1061 2098 1183 2158 videtur
1208 2099 1247 2158 ab

115 2221 171 2266 'ea
191 2206 313 2265 diversa
335 2203 447 2273 fuisse,
471 2220 560 2279 quam
581 2199 716 2258 indicavi
734 2220 835 2278 supra.
869 2201 958 2260 Haec
979 2222 1047 2261 oum
1068 2205 1141 2263 mihi
1161 2208 1246 2279 satis,

130 2322 165 2373 ut
181 2313 213 2371 in
229 2310 377 2390 reliquiis,
391 2305 570 2386 probabilia
593 2326 661 2366 esse
679 2304 890 2385 persuadeam,
914 2312 1151 2370 controversiam
1165 2314 1246 2371 exci-

130 2430 178 2479 tat
193 2420 351 2497 Roeperus
368 2416 390 2474 l.
405 2435 431 2474 c.
446 2437 475 2494 p.
488 2423 549 2487 263,
573 2415 624 2493 qui
646 2423 677 2472 et
699 2423 841 2493 corrupta
852 2414 947 2474 verba
960 2436 1018 2475 nec
1034 2419 1137 2496 qualia
1148 2419 1248 2478 adhuc

129 2528 199 2586 visa
219 2533 298 2598 sunt,
321 2521 477 2603 pedestria
495 2541 563 2580 esse
583 2522 734 2600 opinatus,
757 2514 879 2580 refinxit
902 2542 939 2580 ea
959 2524 990 2582 in
1009 2523 1089 2582 hunc
1110 2524 1245 2584 modum:
1339 2563 1343 2574 ·

170 2622 175 2655 '
638 2646 719 2687 uoces
739 2629 925 2701 Ampbioucm

287 2739 481 2812 Troooc'dum,
511 2738 610 2794 iuboos
630 2736 727 2809 pbrtis
749 2753 836 2810 opero
858 2736 1035 2809 Amphionis,

284 2843 475 2918 qua'utiorem
496 2840 648 2920 [iuvenies]
673 2863 758 2917 quom
777 2850 868 2899 meust
888 2844 982 2900 mulio.

130 2951 302 3023 Sententia,
322 2969 411 3030 quam
424 2970 484 3006 non
501 2957 683 3027 attemptata
698 2950 843 3007 memoria
860 2950 1000 3022 eruimus,
1014 2951 1129 3028 respuit
1145 2971 1245 3010 emen-

130 3058 319 3130 dationem,
338 3056 467 3113 maxime
494 3074 576 3126 eam,
615 3074 693 3134 quae
721 3074 760 3113 ne
788 3053 915 3114 lenitate
946 3055 1068 3135 quidem
1096 3076 1245 3116 commen-

129 3166 238 3225 detur:
269 3174 301 3223 at
320 3162 456 3241 poscitur
476 3181 617 3232 numero,
643 3149 726 3221 cuius
749 3169 851 3218 tamen
874 3180 930 3238 ego
952 3170 1037 3220 certa
1058 3161 1171 3221 indicia
1194 3164 1245 3223 de-

131 3269 250 3342 sidero,
271 3277 302 3328 et
322 3289 400 3348 quae
416 3269 506 3327 istam
525 3267 643 3346 possint
657 3265 816 3325 vindicare
835 3266 1009 3326 audaciam:
1034 3288 1128 3348 quare
1143 3270 1247 3328 malim

131 3397 171 3436 ea
201 3396 268 3434 cum
296 3373 502 3454 superioribus
529 3373 684 3453 pedestria
713 3370 838 3431 habere.
881 3373 923 3432 Ut
945 3393 984 3432 ne
1007 3373 1045 3432 de
1067 3393 1104 3432 ea
1124 3374 1246 3452 quidem

130 3484 246 3554 forma,
278 3502 367 3561 quam
388 3481 547 3560 Roeperus
569 3479 687 3551 intulit,
719 3485 810 3537 meust
832 3479 906 3537 satis
929 3487 1061 3538 constet:
1089 3481 1191 3559 qualia
1214 3484 1245 3541 in

129 3588 316 3646 hexametris
346 3588 447 3646 aliena
471 3607 540 3647 esse
574 3607 593 3645 a
614 3585 751 3644 Varrone
777 3584 990 3643 Lachmannus
1023 3585 1177 3646 admonuit
1206 3586 1245 3647 ad

130 3692 267 3752 Lucretii
289 3694 323 3751 II
343 3702 395 3757 829
414 3715 444 3771 p.
464 3702 524 3754 122.
548 3693 588 3751 cf.
608 3689 648 3761 ad
666 3692 774 3754 11181.
818 3690 886 3748 Nec
907 3689 938 3747 in
958 3690 1084 3770 reliquis
1105 3692 1244 3752 versibus

127 3799 235 3880 paullo
259 3799 369 3858 certius
391 3798 563 3877 exemplum
583 3798 715 3855 invenio.
745 3797 826 3855 Nam
848 3796 928 3876 quod
949 3797 1086 3857 Kochius
1109 3799 1140 3857 in
1159 3820 1244 3869 exer-

131 3904 326 3990 citationibus
352 3905 463 3963 criticis
485 3926 516 3983 p.
537 3913 571 3967 29
592 3911 786 3971 Qnrnomrnron
805 3905 841 3962 fr.
863 3915 876 3966 l
896 3907 971 3974 Quid
990 3909 1096 3963 modico
1116 3899 1186 3963 mibi
1204 3917 1247 3965 cst

129 4022 224 4086 opus?
245 4013 345 4084 nimpe
366 4018 428 4080 tuo,
457 4013 629 4069 obsiutbium
652 4015 695 4069 uti
715 4015 806 4070 bibam
827 4030 944 4086 prooem
966 4021 992 4071 et
1014 4019 1183 4080 castoreum,
1207 4016 1245 4068 lo-

130 4136 248 4192 vemque
271 4121 379 4175 robur?
416 4118 543 4175 senariis
566 4118 609 4176 ita
632 4116 778 4177 describit

689 4225 765 4293 Quid
785 4225 891 4283 medtoo'
912 4226 982 4281 mibi

286 4332 394 4403 Opust?
417 4347 517 4404 ucmpo
539 4334 600 4388 ideo
623 4329 795 4386 absinthium
817 4338 848 4387 ut
867 4329 959 4387 biba'm
978 4346 1095 4403 prooem
