2760 4890
134 350 175 416 54
246 379 249 385 ·
561 361 818 412 coummrrunn

134 525 281 597 restituit,
317 521 399 606 quod
424 539 504 581 nunc
526 516 688 582 Leidensis
715 531 747 581 et
767 522 878 602 reliqui
915 518 1095 601 approbant.
1139 520 1252 602 Itaque

40 654 46 662 ‘
136 629 307 692 sententiae
329 628 407 688 bene
433 622 613 702 consulitur,
635 627 679 686 ita
700 629 727 687 si
748 628 903 689 scribitur:
938 624 978 686 Et
999 643 1056 685 reae
1076 634 1105 684 ct
1124 631 1253 685 misellus

133 741 180 796 ille
198 752 317 810 pauper
330 743 410 793 amat
422 737 563 810 habetque
575 740 667 809 ipnem
680 738 758 793 iulus
772 754 886 795 acrem:
907 739 953 795 bic
963 737 1101 810 epbebum
1115 719 1251 793 muliera.-

134 848 181 914 υἰέ,
203 846 249 902 bic
264 846 303 901 ud
316 842 473 900 moecbada
485 842 695 935 adulescentem
707 847 868 903 cubiculum
880 847 1005 918 pudoris
1012 844 1128 915 primus
1135 843 1250 915 palluit.

134 949 255 1029 Nempe
273 947 355 1008 idem
373 948 439 1007 fere
456 948 555 1008 Varro
575 947 656 1028 quod
671 949 817 1008 Horatius
836 950 911 1009 dixit
928 949 959 1008 in
975 949 1085 1008 saturis
1103 947 1120 1006 I
1135 955 1162 1020 4,
1177 954 1211 1010 m
1220 969 1227 1006 :

285 1087 342 1144 Hic
365 1093 522 1160 nuptarum
545 1089 652 1144 iurauit
672 1091 832 1157 amoribus,
854 1090 900 1145 bic
916 1103 1085 1160 puerorum.

134 1221 286 1284 Oehlcrus
307 1220 387 1281 enim
409 1220 474 1280 fere
494 1219 675 1280 incredibile
697 1231 744 1282 θεῖ
770 1235 915 1303 quantum
937 1222 969 1281 in
995 1221 1063 1301 ipsa
1087 1220 1158 1279 lucc
1182 1239 1250 1279 aaa·

133 1328 289 1401 cutiverit,
323 1329 374 1408 qui
403 1336 433 1387 θῖ
459 1330 593 1402 effoetum
621 1327 740 1402 scribit,
775 1337 806 1388 et
831 1328 1015 1387 ‘cubiculum
1041 1323 1178 1407 pudoris'
1209 1327 1253 1385 ait

133 1434 197 1492 ‘aut
213 1440 260 1492 est
282 1433 461 1506 cubiculum,
484 1433 566 1514 quod
588 1435 676 1496 homo
691 1434 820 1518 pudicus
837 1435 995 1509 inhabitat,
1017 1442 1069 1493 aut
1086 1433 1169 1514 quod
1187 1454 1250 1493 ma-

132 1539 314 1619 gisputem,
338 1539 452 1598 dictum
472 1548 519 1601 θεῖ
537 1561 591 1620 pro
613 1540 728 1621 pudore
744 1539 796 1600 vel
817 1539 940 1620 pudoris
963 1540 1047 1600 sede.
1076 1541 1158 1600 Nam
1177 1540 1267 1614 ado,

132 1645 277 1706 lescentis
307 1666 416 1727 corpus
442 1648 542 1707 adhuc
570 1635 725 1729 tamquam
751 1647 841 1707 sedes
868 1649 991 1728 pudoris
1016 1648 1085 1706 θεῖ’
1129 1648 1251 1727 Nempe

131 1773 172 1813 ne
189 1751 267 1813 vidit
285 1752 407 1836 quidem
428 1759 584 1826 maeebucla
606 1760 814 1815 adulescentem
838 1755 979 1834 coniungi
995 1763 1146 1837 oportere,
1171 1775 1251 1835 quae

133 1867 180 1921 θεῖ
202 1881 283 1919 nova
304 1870 407 1941 nupta,
431 1882 521 1942 quam
543 1863 687 1922 moechus
706 1862 841 1937 ‘primus'
866 1862 1037 1942 corrumpit.
1083 1865 1250 1923 Cubiculum

128 1972 251 2042 pudoris
280 1976 380 2040 antem
405 1968 533 2026 honeste
564 1969 676 2029 dictum
702 1990 756 2048 pro
780 1968 930 2028 thalamo:
964 1977 997 2028 ut
1021 1970 1149 2050 pulchre
1170 1971 1250 2029 inter

113 2094 166 2133 se
192 2080 384 2153 opponantur
411 2083 578 2148 amatores,
609 2095 733 2157 quorum
757 2074 835 2134 alter
849 2063 989 2135 'nondum
1016 2075 1248 2154 devirginatum,

131 2190 165 2239 ut
187 2201 255 2240 cnm
273 2183 412 2243 Varrone
434 2183 559 2261 loquar,
589 2200 725 2262 puerum,
749 2199 846 2239 novas
868 2188 978 2259 nuptas
1001 2190 1136 2240 sectatur
1159 2182 1248 2241 alter.

131 2286 193 2346 Sed
216 2288 310 2348 redeo
333 2288 373 2348 ad
394 2308 510 2360 versus,
536 2308 611 2374 quos
633 2295 705 2366 puto
729 2286 773 2345 sic
793 2287 860 2345 sine
882 2286 1049 2376 offensione
1069 2288 1148 2365 legi:

283 2397 321 2526 lit
341 2443 399 2483 rex
420 2434 447 2482 et
471 2424 597 2483 mise'llus
617 2427 663 2481 ille
678 2426 798 2496 pauper
816 2432 896 2480 amat
915 2423 1064 2498 ipuquue
1083 2427 1169 2483 babet

284 2535 364 2603 lutus
385 2550 500 2592 acrem:
524 2530 694 2605 epbe'bulum
717 2533 763 2588 bie
784 2529 933 2598 mulieres,
957 2531 1003 2588 bic
1026 2535 1065 2588 ad
1091 2532 1249 2590 moe'cbuda

281 2626 502 2697 rauranum
524 2637 1088 2711 auuuunpaauupauaspuuu.
1166 2663 1214 2727 '.

129 2771 167 2831 In
190 2773 286 2851 primo
314 2778 463 2848 ipsamque
482 2777 566 2832 babet
585 2772 758 2852 transposui
778 2767 996 2852 probabatque
1016 2777 1126 2848 tynam·
1152 2774 1184 2832 in
1205 2775 1247 2832 al-

130 2885 195 2937 tero
218 2898 256 2937 ex
281 2881 416 2954 asabitum
434 2880 578 2940 librorum
601 2878 697 2958 ascivi
720 2886 896 2939 consuetam
916 2878 1046 2940 Varroni
1069 2880 1248 2940 deminutivi

131 2985 274 3044 formam:
309 2996 471 3064 praeterea
493 2988 601 3068 scripsi
622 2991 757 3047 mulserat
775 2986 944 3066 praesenti,
971 2985 1054 3068 quod
1075 2988 1247 3046 sententiae

132 3092 288 3166 convenit,
325 3095 413 3175 eique
441 3098 487 3155 bie
522 3115 689 3175 pronomen
712 3093 864 3173 praemisi.
909 3094 979 3152 Non
1007 3113 1117 3152 vereor
1136 3113 1176 3152 nc
1200 3094 1247 3152 cui

129 3198 189 3258 hoc
211 3200 335 3279 nimium
357 3199 525 3260 machinari
542 3199 580 3259 ob
603 3208 700 3262 metra
719 3199 869 3274 videatur,
891 3199 1012 3281 quando
1028 3201 1171 3273 numeris,
1195 3201 1247 3281 qui

130 3314 178 3365 sat
200 3307 290 3367 certis
313 3306 432 3368 indiciis
453 3307 629 3388 produntur,
653 3327 702 3367 res
720 3307 788 3386 ipsa
809 3308 908 3387 poscit
931 3285 1097 3368 satisfieri..

215 3680 346 3742 Promisi
369 3702 461 3762 supra
482 3702 530 3742 me
552 3679 697 3760 reliquias
721 3680 784 3740 eius
806 3690 938 3754 saturae,
963 3681 1012 3740 cui

592 3782 806 3866 uennucar'

129 3936 317 4011 inscribitur,
352 3958 405 3997 suo
440 3935 561 4010 ordine,
601 3937 703 4017 quoad
736 3926 823 4011 licet,
864 3938 1084 4019 dispositurum.
1140 3939 1179 3996 ln
1193 3951 1246 3998 'ea

128 4047 226 4108 Varro
247 4044 347 4105 studia
368 4042 502 4103 venandi
525 4044 667 4121 exagitat,
690 4053 724 4104 ut
744 4067 841 4126 nuper
855 4044 1042 4105 Mc'rcklinus
1059 4046 1244 4106 convenien-

129 4161 176 4212 ter
205 4159 383 4230 argumcnto
418 4146 486 4229 περὶ
515 4140 614 4229 θήρας
641 4152 735 4213 fuisse
769 4154 897 4213 alteram
922 4153 988 4212 ¹<eins
1016 4152 1246 4232 inscriptionem

129 4259 302 4320 coniecerit.
351 4256 521 4340 Eidemque
554 4258 600 4317 rei
638 4267 741 4339 aptum
778 4279 847 4318 θεεθ
880 4259 1104 4337 Meleagrorum
1132 4280 1245 4327 nomen

126 4367 233 4442 scient,
252 4366 305 4448 qui
328 4364 457 4426 celebris
479 4364 603 4426 fabulae
623 4366 661 4426 de
683 4367 748 4448 apri
771 4365 935 4446 Calydonii
955 4366 1120 4428 venatione
1139 4368 1244 4453 memi-
