2760 4890
189 324 251 388 202
617 341 871 389 conmortuus.

190 500 393 560 dubitationes
429 498 572 572 haberet,
604 480 644 558 ad
673 519 725 559 eas
756 508 873 559 saturas
896 500 1031 578 exposui.
1075 501 1245 579 Disputari
1267 500 1306 559 de

188 606 298 678 Nonio,
322 606 447 685 etquid
471 626 539 665 oum
558 603 716 685 probabile
739 606 778 663 sit
798 606 830 663 in
855 605 913 664 hoc
934 625 1048 682 genere
1071 605 1189 681 egisse:
1213 606 1304 664 nihil·

190 714 261 773 dum
282 712 320 772 de
341 714 407 790 ipso
430 710 579 770 affirmavi
597 710 751 787 Varrone,
780 733 837 772 nec
858 711 929 770 inde
953 710 1035 792 quod
1057 710 1138 771 bona
1159 733 1232 791 pars
1255 734 1302 772 sa-

189 830 321 880 turarum
340 819 390 878 vel
409 836 488 898 quae
507 815 656 876 habentur
673 827 795 878 saturae
815 839 834 877 a
852 817 952 882 Nonio
977 825 1154 878 constanter
1177 840 1239 878 una
1258 820 1303 878 in·

189 927 353 1006 scriptione
372 923 543 997 laudentur,
565 922 636 981 ilico
661 925 881 984 consectarium
904 943 972 983 esse
990 925 1048 997 aio,
1071 944 1238 1005 numquam
1253 946 1302 985 ea-

189 1054 255 1091 rum
271 1031 408 1110 duplices
430 1029 642 1108 inscriptiones
662 1029 809 1089 extitisse.
844 1030 895 1090 Sic
916 1030 982 1089 fieri
1005 1032 1105 1109 potuit
1118 1039 1153 1091 ut
1168 1042 1302 1106 saturae,

188 1136 297 1218 quibus
322 1137 419 1196 Varro
440 1156 492 1195 suo
515 1156 598 1196 more
618 1135 693 1195 duos
717 1136 909 1214 praefixisset
926 1136 1046 1210 titulos,
1077 1137 1134 1197 sub
1156 1139 1304 1197 alterutra

189 1223 306 1302 tantum
329 1242 526 1322 inscriptione
548 1243 579 1302 iu
601 1243 739 1302 notitiam
762 1243 856 1302 Nonii
880 1241 1028 1316 venirent,
1052 1243 1119 1303 sive
1139 1264 1249 1303 manco
1271 1243 1303 1302 in

190 1371 228 1410 ea
254 1371 287 1409 re
313 1349 454 1426 exemplo
482 1351 548 1408 sive
573 1370 680 1428 parum
708 1359 851 1410 accurato
877 1371 950 1409 usus
974 1358 1021 1410 est
1044 1358 1178 1435 auctore.
1205 1350 1304 1409 ‘Nam

188 1458 246 1516 hoc
268 1476 389 1537 quoque
410 1453 501 1513 video
523 1454 678 1529 affirmari,
700 1476 759 1516 nec
779 1457 912 1516 Nonium
934 1478 992 1517 nee
1014 1467 1185 1518 ceterorum
1202 1476 1302 1534 gram·

188 1564 364 1622 maticorum
390 1581 571 1640 quemquam
598 1569 722 1639 praeter
748 1561 881 1623 Gellium
907 1565 991 1642 ipsas
1013 1563 1160 1625 Varronis
1182 1570 1303 1622 saturas

189 1676 260 1727 ante
285 1667 388 1726 oculos
410 1667 569 1741 habuisse,
593 1665 648 1725 sed
671 1668 892 1729 collectaneam
914 1671 1104 1749 superiorum
1125 1671 1302 1746 grammati·

187 1794 290 1833 corum
324 1774 482 1834 materiam
508 1795 564 1858 pro
596 1794 650 1832 suo
676 1775 803 1834 consilio
830 1775 1020 1855 compilasse.
1065 1776 1115 1834 Ita
1139 1777 1303 1856 Roeperus

186 1883 217 1940 in
247 1881 378 1942 animum
405 1857 525 1938 induxit
552 1879 705 1957 Philologi
735 1871 789 1941 Ix'
811 1904 842 1960 p.
861 1890 926 1953 225,
957 1881 1143 1958 argumentis
1166 1881 1302 1962 quidem,

187 1989 295 2070 quibus
317 1973 487 2047 firmaretui
505 1987 584 2044 haec
602 1985 641 2044 ad
656 2007 774 2046 omnem
789 1989 896 2047 harum
910 1987 1109 2066 reliquiarum
1124 1989 1218 2048 crisin
1235 1990 1302 2048 efii-

186 2095 346 2154 cacissima
369 2095 487 2174 opinio,
510 2094 656 2166 lectprem
679 2093 801 2153 celatis:
823 2115 882 2154 nec
902 2115 1002 2154 meum
1022 2115 1103 2154 nunc
1126 2116 1201 2155 esse·
1216 2106 1302 2175 puto,

185 2202 265 2260 hunc
288 2201 388 2259 locum
415 2201 468 2281 qui
492 2208 538 2295 est
564 2199 602 2258 de
628 2200 848 2279 propagatione
875 2202 1019 2261 librorum
1042 2204 1304 2263 Varronianorum

185 2319 382 2388 pertractare.
419 2307 492 2368 Sive
513 2307 605 2382 igitur
619 2305 738 2374 Nonius
756 2307 822 2385 ipse
841 2318 1010 2369 saturarum
1030 2309 1203 2389 exemplum
1223 2317 1302 2368 trac·

186 2417 262 2476 tavit
289 2417 353 2475 sive
384 2437 422 2475 ex
444 2414 571 2475 aliorum
596 2413 792 2474 collectaneis
815 2435 870 2474 sua
887 2416 1061 2476 testimonia
1081 2417 1186 2496 petiit,
1207 2437 1302 2494 aegre

185 2524 257 2582 mihi
283 2523 453 2602 persuadeo
480 2521 608 2600 periisse
632 2521 795 2580 memoriae
818 2522 909 2602 culpa
930 2531 975 2582 tot
1001 2521 1148 2601 exemplis
1170 2522 1301 2582 alteram

186 2639 355 2689 saturarum
374 2629 610 2706 inscriptionem,
636 2646 704 2685 cum
724 2629 903 2705 praesertim
926 2649 993 2688 eam
1013 2649 1133 2687 omnem
1147 2627 1186 2687 de
1203 2627 1300 2706 dupli-

148 2757 150 2761 ·
186 2735 269 2794 cibus
294 2744 462 2795 saturarum
483 2734 578 2793 titulis
601 2733 750 2792 rationem
772 2755 811 2793 ne
833 2755 957 2794 numero
981 2734 1104 2813 quidem
1128 2733 1301 2813 inscriptio-

184 2862 256 2900 num
274 2842 387 2900 maiore
411 2839 522 2899 firmari
545 2847 710 2917 appareat:
734 2839 853 2900 circiter
873 2840 998 2917 triginta
1021 2842 1101 2900 enim
1120 2859 1187 2898 cum
1205 2841 1301 2899 citen-

184 2955 233 3007 tur
253 2945 465 3024 inscriptiones
489 2944 644 3023 duplices,
673 2945 764 3024 duplo
791 2947 936 3006 maiorem
960 2967 1118 3012 numerum
1145 2946 1301 3025 simplices

185 3053 347 3114 conficiunt
367 3051 500 3110 indices:
522 3060 613 3130 atque
640 3050 709 3110 illas
730 3051 852 3131 quidem
874 3074 941 3113 cum
963 3055 1055 3113 etiam
1074 3051 1193 3132 absque
1214 3055 1300 3112 testi·

153 3233 156 3237 p
184 3162 291 3221 moniis
310 3157 511 3241 probabilitas
533 3156 624 3215 fidem
642 3158 737 3218 faciat
752 3169 923 3245 saturarum
937 3179 1015 3232 esse,
1038 3159 1093 3218 hos
1108 3178 1161 3217 cur
1174 3179 1300 3218 mancos

184 3290 253 3329 esse
275 3270 431 3338 instemus,
456 3286 495 3324 ne
517 3264 759 3341 logistoricorum
779 3241 917 3346 quidein,
938 3287 1000 3346 qua
1020 3265 1209 3326 Merclxlinus
1230 3267 1300 3325 niti-

183 3385 242 3447 tur,
265 3373 491 3452 comparatione
515 3370 596 3447 exigi
619 3371 832 3432 concesserim.
877 3374 992 3434 Verum
1013 3373 1093 3432 enim
1114 3391 1188 3430 vero
1210 3372 1300 3432 forsi-

182 3491 236 3540 tan
254 3481 371 3540 consilii
385 3479 459 3560 quid
476 3478 594 3537 Nonius
608 3479 639 3535 in
656 3497 691 3536 eo
709 3485 831 3536 secutus
849 3479 897 3552 sit,
921 3480 1002 3561 quod
1018 3489 1168 3539 certarum
1183 3488 1299 3539 satura-

183 3607 247 3645 rum
278 3593 453 3670 constanter
481 3584 557 3644 duos
580 3584 684 3643 titulos
707 3585 863 3663 apposuit,
890 3586 1000 3645 bonam
1019 3595 1137 3666 partem
1162 3587 1299 3666 compari

184 3693 353 3752 constantia
383 3713 443 3750 uuo
477 3691 578 3750 indice
607 3692 726 3750 citavit:
759 3691 791 3749 in
818 3713 878 3772 quo
911 3693 1091 3770 cogitaverit
1118 3692 1228 3772 aliquis
1260 3692 1299 3752 de

182 3798 341 3858 brevitatis
370 3799 484 3871 studio,
514 3819 582 3857 cum
605 3818 707 3857 earum
731 3804 928 3872 saturarum„
941 3819 1068 3878 quarum
1089 3799 1182 3876 longe
1203 3800 1297 3878 pluri-

183 3927 233 3965 ma
253 3926 377 3964 numero
402 3907 574 3982 fragmenta
593 3902 761 3982 perhibuit,
783 3904 1000 3978 Eumenidum,
1021 3904 1168 3977 Bimarci,
1191 3905 1298 3979 Manii,

183 4012 288 4085 Modii,
312 4011 525 4090 Sesquiulixis,
545 4011 740 4088 Sexagessis,
765 4010 901 4084 aliarum,
925 4011 1040 4094 nullam
1062 4011 1178 4071 duabus
1201 4013 1298 4070 titulis

114 4145 116 4148 ·
183 4105 374 4195 significavit.
413 4117 501 4194 Quae
523 4126 625 4177 tamen
643 4137 678 4177 eo
702 4137 805 4176 rursus
825 4117 948 4176 diluitur
970 4117 1081 4196 opinio,
1102 4117 1183 4197 quo'd
1205 4117 1299 4176 etiam

182 4244 308 4305 quarum
335 4222 519 4301 paucissima
546 4224 716 4301 fragmenta
742 4222 877 4294 rettulit,
906 4242 997 4282 unum
1027 4222 1233 4283 tantummodo
1260 4225 1298 4282 ti·

182 4332 278 4393 tulum
305 4329 455 4410 apposuit.
501 4331 605 4410 Quare
636 4351 703 4389 cum
732 4351 772 4390 ne
800 4331 859 4388 hoc
883 4328 1006 4407 quidem
1028 4329 1230 4409 explicandae
1252 4329 1299 4387 illi
