2760 4890
375 317 379 325 '
499 341 756 390 conmortuus.
1123 331 1182 393 143
1207 302 1213 309 „

155 502 254 583 XVII
278 499 329 579 (6).
349 506 404 560 Aoi
429 511 456 560 ct
482 506 561 559 atavi
584 507 689 572 nostri,
706 522 787 560 eum
816 506 902 560 stlitem
929 522 964 561 oc
990 521 1059 579 copo
1087 521 1185 562 eorum

66 612 157 666 veroa
179 611 297 678 olerent,
320 617 413 665 tomen
436 590 549 681 optante
570 612 690 666 animati
709 619 801 666 erant.

54 760 177 819 „Bellus
199 758 362 820 verborum
383 760 483 833 lusus,
512 781 602 840 quem
625 760 776 820 Oehlerus
799 764 829 820 in
853 762 1005 822 locutione
1028 768 1185 820 animatum

66 884 130 924 esec
152 866 357 944 persentiscit,
375 865 698 943 mihifrigidiusculus
721 868 851 928 videtur.
885 871 950 926 Est·
966 880 1066 928 autem
1086 888 1184 926 sermo

66 971 233 1048 pedestris.
268 972 426 1051 Roepcrus
449 972 571 1052 quidem
592 993 700 1032 versus
725 959 927 1053 aucupaturus
950 995 1074 1053 operam
1095 974 1184 1032 lusit:

223 1163 240 1178 ⁹
261 1168 284 1176 -
306 1162 324 1179 ⁹
342 1162 361 1179 ⁹
384 1131 436 1204 aoi-
450 1135 478 1185 et
500 1127 579 1185 dtoos'
599 1134 704 1199 nostri,
727 1148 790 1187 eum
811 1130 897 1186 (ilium

222 1238 264 1293 Ac
285 1236 353 1310 cipe
374 1240 483 1295 olerent
501 1235 588 1293 oc'rbo
610 1223 722 1306 cortem,
747 1243 840 1293 tomen
863 1239 977 1311 optume

221 1344 349 1401 Animciti
368 1351 461 1400 ercet.

65 1497 190 1556 Vitiosa
226 1496 313 1555 elisio
348 1500 396 1553 oei
428 1505 469 1566 et,
506 1494 543 1554 de
577 1516 638 1575 que
671 1495 734 1555 dixi
767 1518 798 1575 p.
821 1506 869 1568 25,
903 1503 1024 1574 poterat
1053 1513 1113 1551 non
1140 1493 1185 1551 vi·

66 1582 146 1662 tioso
172 1603 259 1661 hiatu
274 1602 414 1680 evitari:
442 1638 460 1655 ⁹
478 1641 497 1651 -
522 1602 630 1662 oei-et.
677 1602 725 1662 Of.
752 1602 966 1661 Lachmannus
988 1601 1029 1659 ad
1050 1599 1186 1658 Lucretii

66 1709 120 1767 HI
150 1717 213 1772 941.
257 1690 355 1767 Alium·
379 1709 502 1786 scripsi,
529 1718 562 1767 ut
589 1709 713 1767 tradunt
740 1709 832 1768 Nonii
861 1708 983 1767 codices
1009 1728 1039 1784 p.
1068 1716 1134 1776 201,
1159 1714 1185 1766 6.
1234 1756 1238 1761 .

67 1814 118 1874 Of.
140 1813 305 1874 Ribbeckii
326 1815 396 1874 adn.
417 1814 456 1874 ad
477 1817 637 1896 Pomponii
660 1838 691 1877 v.
714 1825 730 1879 6
754 1815 843 1894 (com.
865 1817 919 1873 let.
942 1814 997 1872 rel.
1019 1834 1050 1891 p.
1075 1810 1149 1888 191).
1195 1867 1202 1874 .

150 1923 314 1981 ¹Postremo
338 1922 437 1981 eidem
459 1923 498 1982 de
519 1924 641 1982 luxuria
663 1923 859 2002 disputationi
881 1919 1101 1978 adscriberem:

154 2074 269 2134 XVIII
299 2072 341 2153 (9)
381 2079 440 2135 Nos
465 2095 533 2151 erpo
562 2081 634 2136 nite
660 2082 784 2152 coimus,
812 2078 888 2150 quod
914 2078 1001 2148 leyem
1028 2073 1185 2129 lucaniam

65 2185 127 2239 luci
148 2184 231 2239 claro
250 2184 338 2239 letam
358 2187 507 2241 scutulatis

66 2316 159 2400 modo
183 2326 214 2376 et
232 2318 403 2379 emendatio
426 2321 616 2399 corruptelae
639 2329 814 2400 suppeteret
836 2318 909 2377 mihi
933 2324 963 2374 et
982 2314 1020 2372 de
1036 2314 1107 2401 lege
1123 2312 1184 2370 Lu·

67 2423 160 2482 cenis
183 2425 348 2504 quicquam
372 2434 539 2485 constaret:
569 2447 639 2484 nam
665 2429 803 2487 omittere
832 2447 899 2484 cum
921 2422 1032 2482 Rothio
1061 2428 1091 2478 et
1118 2420 1186 2478 aliis

65 2549 181 2588 nomen
201 2528 297 2606 legis,
330 2531 412 2609 quod
431 2531 501 2589 libri
523 2533 645 2592 tradunt
664 2556 691 2616 p.
715 2544 781 2607 210,
805 2544 838 2594 10
866 2529 937 2610 (nisi
960 2527 1041 2619 quod
1063 2527 1093 2584 in
1115 2526 1184 2584 Lei-

69 2635 160 2695 densi
181 2644 229 2695 est
251 2641 338 2712 lepem
361 2641 474 2697 Lucani
493 2643 603 2714 claro),
628 2640 686 2699 hoc
709 2651 755 2700 est
775 2641 949 2719 desperare.
995 2632 1185 2711 Cogitavoris

68 2742 230 2802 deunce
252 2747 446 2823 sumptuariis
469 2745 520 2805 vel
542 2746 663 2805 cibariis
685 2747 821 2824 legibue,
855 2765 929 2823 quas
955 2741 1075 2804 Gellius
1091 2720 1131 2798 '11
1153 2748 1186 2798 11

69 2848 124 2927 (cf.
155 2850 239 2909 XXI
267 2847 313 2928 23)
341 2858 371 2909 et
398 2851 572 2911 Macrobius
596 2852 665 2912 'Sat
687 2853 767 2911 XVI
789 2860 821 2914 17
849 2850 894 2929 (II
919 2850 964 2929 13)
993 2870 1023 2928 p.
1046 2858 1097 2912 335
1119 2845 1185 2904 Ian·

67 2964 247 3014 recensent:
278 2976 404 3038 querum
422 2966 524 3016 tamen
546 2958 631 3016 nulla
654 2967 715 3032 est,
744 2977 835 3037 quam
857 2977 925 3015 cum
948 2958 1051 3036 aliqua
1072 2952 1133 3012 fide
1155 2953 1186 3008 in

67 3060 171 3120 locum
187 3062 334 3122 Varronis
358 3063 480 3125 inferas.
515 3047 690 3123 Lucanicum
706 3065 817 3141 legem,
842 3084 932 3143 quam
949 3060 1100 3144 Oehlerus
1117 3079 1184 3128 sua-

68 3169 119 3242 sit,
145 3168 186 3226 ex
207 3186 243 3226 eo
266 3168 349 3247 ipso,
378 3189 437 3248 quo
460 3171 553 3229 utitur
576 3181 715 3243 auctore,
745 3170 875 3228 Aeliano
897 3169 936 3228 V.
962 3168 1002 3227 H.
1025 3168 1070 3226 IV
1096 3178 1107 3227 1
1133 3186 1185 3243 ap·

67 3282 158 3352 paret
182 3273 257 3333 binc
277 3294 410 3353 prorsus.
426 3274 557 3335 alienam
587 3298 664 3336 esse.
710 3279 769 3336 Pro
795 3279 944 3334 scutulons
966 3272 1047 3351 quod
1070 3274 1186 3348 Popma

66 3384 276 3440 contulerimus
291 3383 495 3460 suspicatur,
533 3383 743 3442 incredibilem
776 3383 1010 3460 explicationem
1040 3378 1185 3456 sequitur.

69 3484 161 3562 Quae
184 3505 251 3545 cum
271 3508 332 3547 non
354 3488 532 3568 displiceret
551 3487 698 3564 Oehlero,
728 3491 874 3548 ‘certius’
902 3497 1005 3546 tamen
1026 3482 1188 3542 videbatur

68 3595 98 3651 ei
126 3596 294 3653 sttstulimus
321 3613 484 3673 reponere:
517 3593 548 3652 id
575 3595 656 3673 quod
686 3617 742 3673 ego
770 3616 832 3654 non
859 3594 955 3654 solum
974 3590 1066 3651 valde
1089 3592 1185 3647 incer·
1209 3653 1212 3657 ,

67 3708 150 3772 tum,
179 3698 235 3758 sed
263 3700 341 3759 adeo
357 3719 548 3778 perversum
575 3709 605 3758 et
629 3703 730 3759 sensui
753 3701 914 3768 Varronis,
945 3701 996 3779 qui
1021 3698 1111 3756 etiam
1132 3715 1187 3773 per

69 3804 215 3865 tenebras
247 3815 389 3885 apparet,
425 3807 608 3864 contrarium
635 3806 753 3880 iudice,
788 3828 855 3866 cum
881 3828 942 3869 non
971 3815 1033 3864 tam
1058 3802 1187 3862 tollendi

69 3931 167 3998 quam¹
183 3911 341 3990 probandi,
361 3911 510 3984 firmandi,
536 3913 692 3971 sanciendi
712 3896 866 3972 notionem
889 3915 1094 3992 expectemus.

155 4018 206 4076 Ita
235 4037 303 4078 cum
331 4018 428 4077 Varro
457 4017 595 4077 luxuriae
619 4019 761 4078 libidines
789 4020 976 4098 depinxerit,
1006 4036 1057 4074 ees
1081 4013 1186 4073 sordes
1233 3996 1237 4001 ¹

70 4124 114 4181 ait
138 4142 178 4182 ne
203 4121 241 4182 ab
267 4122 403 4182 Hercule
425 4123 547 4202 quidem
568 4127 691 4202 purgari
713 4146 821 4204 posse,
850 4125 907 4203 qui¹
924 4125 1046 4183 stabula
1067 4124 1187 4200 Augias

71 4230 232 4307 egesserit.
265 4230 355 4288 Hanc
378 4229 457 4289 enim
476 4231 537 4288 vim
557 4251 592 4289 ac
614 4231 718 4290 sedem
742 4251 811 4289 esse
830 4233 967 4310 suspicor
987 4231 1075 4290 huius
1095 4229 1186 4288 valde

71 4335 234 4415 depravati
256 4335 434 4414 fragmenti:
