<?xml version="1.0" encoding="UTF-8"?>
<!DOCTYPE html PUBLIC "-//W3C//DTD XHTML 1.0 Transitional//EN"
    "http://www.w3.org/TR/xhtml1/DTD/xhtml1-transitional.dtd">
<html xmlns="http://www.w3.org/1999/xhtml" xml:lang="en" lang="en">
 <head>
  <title>
</title>
<meta http-equiv="Content-Type" content="text/html;charset=utf-8" />
  <meta name='ocr-system' content='tesseract 3.04.00' />
  <meta name='ocr-capabilities' content='ocr_page ocr_carea ocr_par ocr_line ocrx_word'/>
</head>
<body>
  <div class='ocr_page' id='page_1' title='image "./ioannisvahlenii00vahlgoog_0122.png"; bbox 0 0 2760 4890; ppageno 0'>
   <div class='ocr_carea' id='block_1_1' title="bbox 489 324 1174 385">
    <p class='ocr_par' dir='ltr' id='par_1_1' title="bbox 489 324 1174 385">
     <span class='ocr_line' id='line_1_1' title="bbox 489 324 1174 385; baseline 0.009 -6"><span class='ocrx_word' id='word_1_1' title='bbox 489 331 745 381; x_wconf 75' lang='lat' dir='ltr'>ooumornusu.</span> <span class='ocrx_word' id='word_1_2' title='bbox 1115 324 1174 385; x_wconf 83' lang='lat'>109</span> 
     </span>
    </p>
   </div>
   <div class='ocr_carea' id='block_1_2' title="bbox 57 488 1176 685">
    <p class='ocr_par' dir='ltr' id='par_1_2' title="bbox 57 488 1176 685">
     <span class='ocr_line' id='line_1_2' title="bbox 58 488 1174 573; baseline 0.006 -26"><span class='ocrx_word' id='word_1_3' title='bbox 58 488 139 548; x_wconf 85' lang='lat' dir='ltr'>scire</span> <span class='ocrx_word' id='word_1_4' title='bbox 169 488 305 549; x_wconf 85' lang='lat' dir='ltr'>debebat</span> <span class='ocrx_word' id='word_1_5' title='bbox 329 488 421 548; x_wconf 89' lang='lat' dir='ltr'>hodie</span> <span class='ocrx_word' id='word_1_6' title='bbox 449 489 612 549; x_wconf 88' lang='lat' dir='ltr'>Ritschelii</span> <span class='ocrx_word' id='word_1_7' title='bbox 633 490 762 550; x_wconf 84' lang='lat' dir='ltr'><strong>maxime</strong></span> <span class='ocrx_word' id='word_1_8' title='bbox 786 490 1041 573; x_wconf 80' lang='lat' dir='ltr'>Fleckeisenique</span> <span class='ocrx_word' id='word_1_9' title='bbox 1069 495 1174 554; x_wconf 88' lang='lat' dir='ltr'>soller-</span> 
     </span>
     <span class='ocr_line' id='line_1_3' title="bbox 57 594 1176 685; baseline 0.006 -31"><span class='ocrx_word' id='word_1_10' title='bbox 57 596 102 654; x_wconf 90' lang='lat' dir='ltr'>tia</span> <span class='ocrx_word' id='word_1_11' title='bbox 123 594 248 655; x_wconf 86' lang='lat' dir='ltr'>sublata</span> <span class='ocrx_word' id='word_1_12' title='bbox 270 615 360 685; x_wconf 37' lang='lat' dir='ltr'>esse..</span> <span class='ocrx_word' id='word_1_13' title='bbox 392 595 578 656; x_wconf 88' lang='lat' dir='ltr'>Ritschelius</span> <span class='ocrx_word' id='word_1_14' title='bbox 600 604 702 654; x_wconf 89' lang='lat' dir='ltr'>autem</span> <span class='ocrx_word' id='word_1_15' title='bbox 729 616 808 677; x_wconf 88' lang='lat' dir='ltr'>quae</span> <span class='ocrx_word' id='word_1_16' title='bbox 833 600 864 657; x_wconf 92' lang='lat' dir='ltr'>in</span> <span class='ocrx_word' id='word_1_17' title='bbox 889 599 1113 678; x_wconf 81' lang='lat' dir='ltr'>prolegomenis</span> <span class='ocrx_word' id='word_1_18' title='bbox 1135 602 1176 661; x_wconf 84' lang='lat' dir='ltr'>ad</span> 
     </span>
    </p>
   </div>
   <div class='ocr_carea' id='block_1_3' title="bbox 57 699 1175 1103">
    <p class='ocr_par' dir='ltr' id='par_1_3' title="bbox 57 699 1175 1103">
     <span class='ocr_line' id='line_1_4' title="bbox 57 699 1174 788; baseline 0.006 -27"><span class='ocrx_word' id='word_1_19' title='bbox 57 701 268 763; x_wconf 85' lang='lat' dir='ltr'>Trinummum</span> <span class='ocrx_word' id='word_1_20' title='bbox 293 726 324 784; x_wconf 88' lang='lat' dir='ltr'>p.</span> <span class='ocrx_word' id='word_1_21' title='bbox 346 722 511 764; x_wconf 77' lang='lat' dir='ltr'>cnxxxmn</span> <span class='ocrx_word' id='word_1_22' title='bbox 534 722 580 781; x_wconf 85' lang='lat' dir='ltr'>sq.</span> <span class='ocrx_word' id='word_1_23' title='bbox 609 699 647 760; x_wconf 88' lang='lat' dir='ltr'>de</span> <span class='ocrx_word' id='word_1_24' title='bbox 670 702 751 760; x_wconf 91' lang='lat' dir='ltr'>omni</span> <span class='ocrx_word' id='word_1_25' title='bbox 771 704 872 764; x_wconf 82' lang='lat' dir='ltr'><strong>hiatus</strong></span> <span class='ocrx_word' id='word_1_26' title='bbox 899 708 1017 765; x_wconf 87' lang='lat' dir='ltr'>ratione</span> <span class='ocrx_word' id='word_1_27' title='bbox 1040 707 1174 788; x_wconf 89' lang='lat' dir='ltr'>disputa·</span> 
     </span>
     <span class='ocr_line' id='line_1_5' title="bbox 58 808 1174 894; baseline 0.005 -29"><span class='ocrx_word' id='word_1_28' title='bbox 58 809 153 881; x_wconf 86' lang='lat' dir='ltr'>verit,</span> <span class='ocrx_word' id='word_1_29' title='bbox 183 808 229 869; x_wconf 84' lang='lat' dir='ltr'>eis</span> <span class='ocrx_word' id='word_1_30' title='bbox 256 830 364 871; x_wconf 87' lang='lat' dir='ltr'>vereor</span> <span class='ocrx_word' id='word_1_31' title='bbox 384 820 419 871; x_wconf 94' lang='lat' dir='ltr'>ut</span> <span class='ocrx_word' id='word_1_32' title='bbox 439 811 598 888; x_wconf 88' lang='lat' dir='ltr'>Roeperus</span> <span class='ocrx_word' id='word_1_33' title='bbox 620 809 695 867; x_wconf 89' lang='lat' dir='ltr'>satis</span> <span class='ocrx_word' id='word_1_34' title='bbox 715 809 889 888; x_wconf 87' lang='lat' dir='ltr'>prudentor·</span> <span class='ocrx_word' id='word_1_35' title='bbox 902 811 933 870; x_wconf 98' lang='lat' dir='ltr'>in</span> <span class='ocrx_word' id='word_1_36' title='bbox 954 833 1039 871; x_wconf 90' lang='lat' dir='ltr'>suam</span> <span class='ocrx_word' id='word_1_37' title='bbox 1056 823 1174 894; x_wconf 86' lang='lat' dir='ltr'>partem</span> 
     </span>
     <span class='ocr_line' id='line_1_6' title="bbox 57 914 1175 1000; baseline 0.006 -28"><span class='ocrx_word' id='word_1_38' title='bbox 57 933 129 973; x_wconf 89' lang='lat' dir='ltr'>usus</span> <span class='ocrx_word' id='word_1_39' title='bbox 150 917 200 974; x_wconf 90' lang='lat' dir='ltr'>sit.</span> <span class='ocrx_word' id='word_1_40' title='bbox 246 915 329 995; x_wconf 76' lang='lat' dir='ltr'>Quid</span> <span class='ocrx_word' id='word_1_41' title='bbox 347 916 459 995; x_wconf 78' lang='lat' dir='ltr'>igitur?</span> <span class='ocrx_word' id='word_1_42' title='bbox 497 916 560 975; x_wconf 84' lang='lat' dir='ltr'>Aut</span> <span class='ocrx_word' id='word_1_43' title='bbox 579 914 680 974; x_wconf 88' lang='lat' dir='ltr'>nullus</span> <span class='ocrx_word' id='word_1_44' title='bbox 703 927 750 975; x_wconf 87' lang='lat' dir='ltr'>est</span> <span class='ocrx_word' id='word_1_45' title='bbox 771 917 824 976; x_wconf 89' lang='lat' dir='ltr'>ille</span> <span class='ocrx_word' id='word_1_46' title='bbox 843 938 958 993; x_wconf 86' lang='lat' dir='ltr'>versus,</span> <span class='ocrx_word' id='word_1_47' title='bbox 982 921 1175 1000; x_wconf 83' lang='lat' dir='ltr'>quantumvis</span> 
     </span>
     <span class='ocr_line' id='line_1_7' title="bbox 57 1019 1173 1103; baseline 0.004 -24"><span class='ocrx_word' id='word_1_48' title='bbox 57 1019 213 1096; x_wconf 78' lang='lat' dir='ltr'>videatur,</span> <span class='ocrx_word' id='word_1_49' title='bbox 235 1031 288 1082; x_wconf 92' lang='lat' dir='ltr'>aut</span> <span class='ocrx_word' id='word_1_50' title='bbox 310 1022 459 1083; x_wconf 89' lang='lat' dir='ltr'>delendus</span> <span class='ocrx_word' id='word_1_51' title='bbox 482 1024 539 1082; x_wconf 88' lang='lat' dir='ltr'>erit</span> <span class='ocrx_word' id='word_1_52' title='bbox 556 1023 673 1082; x_wconf 82' lang='lat' dir='ltr'>hiatus:</span> <span class='ocrx_word' id='word_1_53' title='bbox 704 1022 735 1081; x_wconf 91' lang='lat' dir='ltr'>id</span> <span class='ocrx_word' id='word_1_54' title='bbox 754 1023 835 1103; x_wconf 87' lang='lat' dir='ltr'>quod</span> <span class='ocrx_word' id='word_1_55' title='bbox 857 1023 915 1082; x_wconf 90' lang='lat' dir='ltr'>hoc</span> <span class='ocrx_word' id='word_1_56' title='bbox 936 1024 1024 1084; x_wconf 90' lang='lat' dir='ltr'>modo</span> <span class='ocrx_word' id='word_1_57' title='bbox 1046 1025 1173 1084; x_wconf 77' lang='lat' dir='ltr'>licebat:</span> 
     </span>
    </p>
   </div>
   <div class='ocr_carea' id='block_1_4' title="bbox 128 1164 1090 1342">
    <p class='ocr_par' dir='ltr' id='par_1_4' title="bbox 128 1164 1090 1342">
     <span class='ocr_line' id='line_1_8' title="bbox 128 1164 1090 1277; baseline 0.002 -43"><span class='ocrx_word' id='word_1_58' title='bbox 128 1252 139 1277; x_wconf 41' lang='lat' dir='ltr'><em>t</em></span> <span class='ocrx_word' id='word_1_59' title='bbox 211 1164 318 1250; x_wconf 74' lang='lat' dir='ltr'>ltaque</span> <span class='ocrx_word' id='word_1_60' title='bbox 340 1184 409 1235; x_wconf 82' lang='lat' dir='ltr'>tunc</span> <span class='ocrx_word' id='word_1_61' title='bbox 429 1174 511 1235; x_wconf 75' lang='lat' dir='ltr'>eodm</span> <span class='ocrx_word' id='word_1_62' title='bbox 529 1180 693 1235; x_wconf 78' lang='lat' dir='ltr'>mordacem</span> <span class='ocrx_word' id='word_1_63' title='bbox 712 1176 930 1236; x_wconf 79' lang='lat' dir='ltr'>cdlcitrooemoe</span> <span class='ocrx_word' id='word_1_64' title='bbox 952 1180 1090 1236; x_wconf 75' lang='lat' dir='ltr'>horridus</span> 
     </span>
     <span class='ocr_line' id='line_1_9' title="bbox 211 1282 634 1342; baseline 0.002 -2"><span class='ocrx_word' id='word_1_65' title='bbox 211 1282 296 1341; x_wconf 73' lang='lat' dir='ltr'>Miles</span> <span class='ocrx_word' id='word_1_66' title='bbox 319 1302 354 1341; x_wconf 85' lang='lat' dir='ltr'>oc</span> <span class='ocrx_word' id='word_1_67' title='bbox 376 1287 421 1342; x_wconf 84' lang='lat' dir='ltr'>air</span> <span class='ocrx_word' id='word_1_68' title='bbox 443 1284 500 1340; x_wconf 85' lang='lat' dir='ltr'>ndo</span> <span class='ocrx_word' id='word_1_69' title='bbox 520 1287 634 1342; x_wconf 66' lang='lat' dir='ltr'>meabat.</span> 
     </span>
    </p>
   </div>
   <div class='ocr_carea' id='block_1_5' title="bbox 58 1432 1174 2902">
    <p class='ocr_par' dir='ltr' id='par_1_5' title="bbox 58 1432 1174 2902">
     <span class='ocr_line' id='line_1_10' title="bbox 59 1432 1174 1517; baseline 0.003 -24"><span class='ocrx_word' id='word_1_70' title='bbox 59 1432 208 1493; x_wconf 80' lang='lat' dir='ltr'>Additam</span> <span class='ocrx_word' id='word_1_71' title='bbox 235 1451 268 1493; x_wconf 83' lang='lat' dir='ltr'>aa</span> <span class='ocrx_word' id='word_1_72' title='bbox 287 1434 467 1513; x_wconf 82' lang='lat' dir='ltr'>particulam</span> <span class='ocrx_word' id='word_1_73' title='bbox 492 1434 683 1495; x_wconf 90' lang='lat' dir='ltr'>commendat</span> <span class='ocrx_word' id='word_1_74' title='bbox 703 1435 844 1495; x_wconf 89' lang='lat' dir='ltr'>laudatus</span> <span class='ocrx_word' id='word_1_75' title='bbox 867 1458 884 1495; x_wconf 89' lang='lat' dir='ltr'>a</span> <span class='ocrx_word' id='word_1_76' title='bbox 905 1437 1046 1517; x_wconf 88' lang='lat' dir='ltr'>Rocpero</span> <span class='ocrx_word' id='word_1_77' title='bbox 1069 1437 1174 1496; x_wconf 88' lang='lat' dir='ltr'>Labeo</span> 
     </span>
     <span class='ocr_line' id='line_1_11' title="bbox 59 1540 1173 1621; baseline 0.004 -22"><span class='ocrx_word' id='word_1_78' title='bbox 59 1541 141 1621; x_wconf 91' lang='lat' dir='ltr'>apud</span> <span class='ocrx_word' id='word_1_79' title='bbox 164 1540 299 1602; x_wconf 82' lang='lat' dir='ltr'>Gellium</span> <span class='ocrx_word' id='word_1_80' title='bbox 320 1542 367 1602; x_wconf 90' lang='lat' dir='ltr'>IV</span> <span class='ocrx_word' id='word_1_81' title='bbox 388 1551 420 1615; x_wconf 78' lang='lat'>2,</span> <span class='ocrx_word' id='word_1_82' title='bbox 443 1554 474 1604; x_wconf 81' lang='lat'>5:</span> <span class='ocrx_word' id='word_1_83' title='bbox 501 1560 592 1617; x_wconf 84' lang='lat' dir='ltr'>equus</span> <span class='ocrx_word' id='word_1_84' title='bbox 619 1547 743 1602; x_wconf 79' lang='lat' dir='ltr'><em>mordax</em></span> <span class='ocrx_word' id='word_1_85' title='bbox 766 1551 816 1601; x_wconf 81' lang='lat' dir='ltr'>aue</span> <span class='ocrx_word' id='word_1_86' title='bbox 837 1547 956 1601; x_wconf 84' lang='lat' dir='ltr'>calcitro</span> <span class='ocrx_word' id='word_1_87' title='bbox 980 1549 1096 1603; x_wconf 81' lang='lat' dir='ltr'>vitiosus</span> <span class='ocrx_word' id='word_1_88' title='bbox 1118 1567 1173 1604; x_wconf 85' lang='lat' dir='ltr'>noo</span> 
     </span>
     <span class='ocr_line' id='line_1_12' title="bbox 59 1649 1173 1727; baseline 0.003 -21"><span class='ocrx_word' id='word_1_89' title='bbox 59 1653 210 1709; x_wconf 74' lang='lat' dir='ltr'><strong><em>morbosus</em></strong></span> <span class='ocrx_word' id='word_1_90' title='bbox 237 1659 288 1709; x_wconf 82' lang='lat' dir='ltr'>cst.</span> <span class='ocrx_word' id='word_1_91' title='bbox 323 1653 460 1709; x_wconf 79' lang='lat' dir='ltr'>horridus</span> <span class='ocrx_word' id='word_1_92' title='bbox 486 1652 566 1708; x_wconf 80' lang='lat' dir='ltr'>miles</span> <span class='ocrx_word' id='word_1_93' title='bbox 593 1659 708 1722; x_wconf 91' lang='lat' dir='ltr'>autem,</span> <span class='ocrx_word' id='word_1_94' title='bbox 734 1660 768 1708; x_wconf 93' lang='lat' dir='ltr'>ut</span> <span class='ocrx_word' id='word_1_95' title='bbox 799 1659 845 1708; x_wconf 88' lang='lat' dir='ltr'>est</span> <span class='ocrx_word' id='word_1_96' title='bbox 872 1649 903 1707; x_wconf 91' lang='lat' dir='ltr'>in</span> <span class='ocrx_word' id='word_1_97' title='bbox 925 1651 1062 1727; x_wconf 84' lang='lat' dir='ltr'>margine</span> <span class='ocrx_word' id='word_1_98' title='bbox 1084 1652 1173 1725; x_wconf 87' lang='lat' dir='ltr'>Iunii,</span> 
     </span>
     <span class='ocr_line' id='line_1_13' title="bbox 61 1755 1173 1830; baseline 0.002 -17"><span class='ocrx_word' id='word_1_99' title='bbox 61 1774 128 1814; x_wconf 88' lang='lat' dir='ltr'>oum</span> <span class='ocrx_word' id='word_1_100' title='bbox 154 1755 249 1814; x_wconf 82' lang='lat' dir='ltr'>Ennii</span> <span class='ocrx_word' id='word_1_101' title='bbox 276 1776 369 1814; x_wconf 89' lang='lat' dir='ltr'>versu</span> <span class='ocrx_word' id='word_1_102' title='bbox 393 1755 553 1816; x_wconf 89' lang='lat' dir='ltr'>adiuvetur</span> <span class='ocrx_word' id='word_1_103' title='bbox 582 1778 652 1816; x_wconf 91' lang='lat' dir='ltr'>ann.</span> <span class='ocrx_word' id='word_1_104' title='bbox 678 1766 742 1820; x_wconf 72' lang='lat'>273:</span> <span class='ocrx_word' id='word_1_105' title='bbox 772 1761 922 1830; x_wconf 80' lang='lat' dir='ltr'>spernitur</span> <span class='ocrx_word' id='word_1_106' title='bbox 948 1766 1048 1815; x_wconf 80' lang='lat' dir='ltr'>orator</span> <span class='ocrx_word' id='word_1_107' title='bbox 1075 1761 1173 1828; x_wconf 87' lang='lat' dir='ltr'>bonus,</span> 
     </span>
     <span class='ocr_line' id='line_1_14' title="bbox 59 1848 1174 1935; baseline -0.001 -14"><span class='ocrx_word' id='word_1_108' title='bbox 59 1848 196 1921; x_wconf 77' lang='lat' dir='ltr'>horridu&#39;</span> <span class='ocrx_word' id='word_1_109' title='bbox 216 1867 297 1923; x_wconf 81' lang='lat' dir='ltr'>miles</span> <span class='ocrx_word' id='word_1_110' title='bbox 320 1872 450 1934; x_wconf 82' lang='lat' dir='ltr'>amatur,</span> <span class='ocrx_word' id='word_1_111' title='bbox 473 1873 535 1921; x_wconf 92' lang='lat' dir='ltr'>tum</span> <span class='ocrx_word' id='word_1_112' title='bbox 557 1883 618 1921; x_wconf 92' lang='lat' dir='ltr'>non</span> <span class='ocrx_word' id='word_1_113' title='bbox 639 1861 736 1922; x_wconf 91' lang='lat' dir='ltr'>solum</span> <span class='ocrx_word' id='word_1_114' title='bbox 757 1882 818 1919; x_wconf 91' lang='lat' dir='ltr'>non</span> <span class='ocrx_word' id='word_1_115' title='bbox 839 1861 1016 1935; x_wconf 86' lang='lat' dir='ltr'>verendum,</span> <span class='ocrx_word' id='word_1_116' title='bbox 1036 1870 1075 1921; x_wconf 84' lang='lat' dir='ltr'>ne</span> <span class='ocrx_word' id='word_1_117' title='bbox 1096 1865 1174 1920; x_wconf 72' lang='lat' dir='ltr'>‘hor-</span> 
     </span>
     <span class='ocr_line' id='line_1_15' title="bbox 59 1968 1174 2049; baseline 0 -23"><span class='ocrx_word' id='word_1_118' title='bbox 59 1972 148 2039; x_wconf 80' lang='lat' dir='ltr'>ridus,</span> <span class='ocrx_word' id='word_1_119' title='bbox 176 1988 237 2049; x_wconf 90' lang='lat' dir='ltr'>quo</span> <span class='ocrx_word' id='word_1_120' title='bbox 258 1969 327 2027; x_wconf 91' lang='lat' dir='ltr'>loco</span> <span class='ocrx_word' id='word_1_121' title='bbox 345 1968 476 2047; x_wconf 92' lang='lat' dir='ltr'>positum</span> <span class='ocrx_word' id='word_1_122' title='bbox 499 1972 553 2042; x_wconf 89' lang='lat' dir='ltr'>sit,</span> <span class='ocrx_word' id='word_1_123' title='bbox 577 1970 700 2027; x_wconf 91' lang='lat' dir='ltr'>nimium</span> <span class='ocrx_word' id='word_1_124' title='bbox 720 1970 893 2041; x_wconf 86' lang='lat' dir='ltr'>efferatur&#39;,</span> <span class='ocrx_word' id='word_1_125' title='bbox 918 1968 973 2027; x_wconf 87' lang='lat' dir='ltr'>sed</span> <span class='ocrx_word' id='word_1_126' title='bbox 995 1989 1032 2028; x_wconf 85' lang='lat' dir='ltr'>ea</span> <span class='ocrx_word' id='word_1_127' title='bbox 1054 1971 1122 2049; x_wconf 89' lang='lat' dir='ltr'>ipsa</span> <span class='ocrx_word' id='word_1_128' title='bbox 1143 1969 1174 2028; x_wconf 89' lang='lat' dir='ltr'>vi</span> 
     </span>
     <span class='ocr_line' id='line_1_16' title="bbox 59 2074 1172 2163; baseline -0.003 -28"><span class='ocrx_word' id='word_1_129' title='bbox 59 2076 143 2135; x_wconf 85' lang='lat' dir='ltr'>vocis</span> <span class='ocrx_word' id='word_1_130' title='bbox 174 2074 252 2135; x_wconf 90' lang='lat' dir='ltr'>nihil</span> <span class='ocrx_word' id='word_1_131' title='bbox 287 2075 383 2163; x_wconf 74' lang='lat' dir='ltr'>magis</span> <span class='ocrx_word' id='word_1_132' title='bbox 418 2077 556 2154; x_wconf 86' lang='lat' dir='ltr'>congruit</span> <span class='ocrx_word' id='word_1_133' title='bbox 583 2077 753 2135; x_wconf 87' lang='lat' dir='ltr'>sententiae</span> <span class='ocrx_word' id='word_1_134' title='bbox 778 2075 939 2148; x_wconf 74' lang='lat' dir='ltr'>Varronis,</span> <span class='ocrx_word' id='word_1_135' title='bbox 973 2076 1024 2156; x_wconf 94' lang='lat' dir='ltr'>qui</span> <span class='ocrx_word' id='word_1_136' title='bbox 1050 2075 1172 2133; x_wconf 89' lang='lat' dir='ltr'>horrido</span> 
     </span>
     <span class='ocr_line' id='line_1_17' title="bbox 59 2179 1170 2263; baseline -0.002 -19"><span class='ocrx_word' id='word_1_137' title='bbox 59 2185 178 2263; x_wconf 86' lang='lat' dir='ltr'>pristini</span> <span class='ocrx_word' id='word_1_138' title='bbox 203 2183 348 2262; x_wconf 87' lang='lat' dir='ltr'>temporis</span> <span class='ocrx_word' id='word_1_139' title='bbox 375 2183 464 2243; x_wconf 84' lang='lat' dir='ltr'>militi</span> <span class='ocrx_word' id='word_1_140' title='bbox 487 2202 561 2243; x_wconf 87' lang='lat' dir='ltr'>suae</span> <span class='ocrx_word' id='word_1_141' title='bbox 586 2184 695 2241; x_wconf 88' lang='lat' dir='ltr'>aetatis</span> <span class='ocrx_word' id='word_1_142' title='bbox 723 2180 869 2241; x_wconf 84' lang='lat' dir='ltr'>trossulos</span> <span class='ocrx_word' id='word_1_143' title='bbox 897 2179 1045 2241; x_wconf 85' lang='lat' dir='ltr'>delicatos</span> <span class='ocrx_word' id='word_1_144' title='bbox 1069 2180 1117 2260; x_wconf 90' lang='lat' dir='ltr'>(fr.</span> <span class='ocrx_word' id='word_1_145' title='bbox 1142 2180 1170 2260; x_wconf 71' lang='lat' dir='ltr'>t)</span> 
     </span>
     <span class='ocr_line' id='line_1_18' title="bbox 61 2287 1172 2371; baseline -0.005 -21"><span class='ocrx_word' id='word_1_146' title='bbox 61 2292 194 2371; x_wconf 87' lang='lat' dir='ltr'>opponit.</span> <span class='ocrx_word' id='word_1_147' title='bbox 227 2291 297 2350; x_wconf 91' lang='lat' dir='ltr'>Hoc</span> <span class='ocrx_word' id='word_1_148' title='bbox 319 2298 419 2349; x_wconf 82' lang='lat' dir='ltr'>autem</span> <span class='ocrx_word' id='word_1_149' title='bbox 439 2289 477 2348; x_wconf 89' lang='lat' dir='ltr'>fr.</span> <span class='ocrx_word' id='word_1_150' title='bbox 500 2299 517 2352; x_wconf 85' lang='lat'>4</span> <span class='ocrx_word' id='word_1_151' title='bbox 539 2310 626 2363; x_wconf 87' lang='lat' dir='ltr'>cum,·</span> <span class='ocrx_word' id='word_1_152' title='bbox 639 2299 672 2348; x_wconf 86' lang='lat' dir='ltr'>ut</span> <span class='ocrx_word' id='word_1_153' title='bbox 694 2309 785 2369; x_wconf 89' lang='lat' dir='ltr'>supra</span> <span class='ocrx_word' id='word_1_154' title='bbox 807 2289 924 2368; x_wconf 79' lang='lat' dir='ltr'>scripsi,</span> <span class='ocrx_word' id='word_1_155' title='bbox 946 2287 1082 2346; x_wconf 90' lang='lat' dir='ltr'>inlibris</span> <span class='ocrx_word' id='word_1_156' title='bbox 1103 2307 1172 2365; x_wconf 93' lang='lat' dir='ltr'>per-</span> 
     </span>
     <span class='ocr_line' id='line_1_19' title="bbox 59 2374 1171 2485; baseline -0.005 -30"><span class='ocrx_word' id='word_1_157' title='bbox 59 2397 209 2485; x_wconf 81' lang='lat' dir='ltr'>hibeatur,</span> <span class='ocrx_word' id='word_1_158' title='bbox 231 2397 391 2475; x_wconf 87' lang='lat' dir='ltr'>Roeperus</span> <span class='ocrx_word' id='word_1_159' title='bbox 411 2395 441 2454; x_wconf 91' lang='lat' dir='ltr'>in</span> <span class='ocrx_word' id='word_1_160' title='bbox 463 2374 646 2476; x_wconf 86' lang='lat' dir='ltr'>septenario,</span> <span class='ocrx_word' id='word_1_161' title='bbox 671 2416 760 2476; x_wconf 90' lang='lat' dir='ltr'>quem</span> <span class='ocrx_word' id='word_1_162' title='bbox 784 2396 965 2466; x_wconf 87' lang='lat' dir='ltr'>efformavit,</span> <span class='ocrx_word' id='word_1_163' title='bbox 990 2414 1050 2452; x_wconf 91' lang='lat' dir='ltr'>non</span> <span class='ocrx_word' id='word_1_164' title='bbox 1072 2394 1171 2450; x_wconf 83' lang='lat' dir='ltr'>fcren-</span> 
     </span>
     <span class='ocr_line' id='line_1_20' title="bbox 60 2472 1171 2582; baseline -0.007 -20"><span class='ocrx_word' id='word_1_165' title='bbox 60 2503 127 2563; x_wconf 88' lang='lat' dir='ltr'>dam</span> <span class='ocrx_word' id='word_1_166' title='bbox 154 2522 226 2562; x_wconf 86' lang='lat' dir='ltr'>esse</span> <span class='ocrx_word' id='word_1_167' title='bbox 247 2511 317 2582; x_wconf 89' lang='lat' dir='ltr'>post</span> <span class='ocrx_word' id='word_1_168' title='bbox 339 2472 482 2561; x_wconf 70' lang='lat' dir='ltr'>creticum</span> <span class='ocrx_word' id='word_1_169' title='bbox 507 2522 575 2560; x_wconf 93' lang='lat' dir='ltr'>cum</span> <span class='ocrx_word' id='word_1_170' title='bbox 596 2502 763 2582; x_wconf 85' lang='lat' dir='ltr'>spondaica</span> <span class='ocrx_word' id='word_1_171' title='bbox 788 2521 864 2560; x_wconf 89' lang='lat' dir='ltr'>voce</span> <span class='ocrx_word' id='word_1_172' title='bbox 887 2501 1077 2559; x_wconf 86' lang='lat' dir='ltr'>coniunctam</span> <span class='ocrx_word' id='word_1_173' title='bbox 1100 2518 1171 2555; x_wconf 88' lang='lat' dir='ltr'>ana-</span> 
     </span>
     <span class='ocr_line' id='line_1_21' title="bbox 58 2605 1172 2689; baseline -0.008 -19"><span class='ocrx_word' id='word_1_174' title='bbox 58 2610 226 2689; x_wconf 86' lang='lat' dir='ltr'>paesticam</span> <span class='ocrx_word' id='word_1_175' title='bbox 252 2607 417 2688; x_wconf 88' lang='lat' dir='ltr'>prudenter</span> <span class='ocrx_word' id='word_1_176' title='bbox 442 2608 596 2667; x_wconf 84' lang='lat' dir='ltr'>iudicavit.</span> <span class='ocrx_word' id='word_1_177' title='bbox 642 2606 746 2685; x_wconf 80' lang='lat' dir='ltr'>Quare</span> <span class='ocrx_word' id='word_1_178' title='bbox 768 2628 828 2688; x_wconf 86' lang='lat' dir='ltr'>quo</span> <span class='ocrx_word' id='word_1_179' title='bbox 852 2613 1026 2664; x_wconf 83' lang='lat' dir='ltr'>constarent</span> <span class='ocrx_word' id='word_1_180' title='bbox 1046 2605 1172 2675; x_wconf 89' lang='lat' dir='ltr'>numeri,</span> 
     </span>
     <span class='ocr_line' id='line_1_22' title="bbox 60 2710 1171 2798; baseline -0.007 -22"><span class='ocrx_word' id='word_1_181' title='bbox 60 2738 133 2798; x_wconf 87' lang='lat' dir='ltr'>quos</span> <span class='ocrx_word' id='word_1_182' title='bbox 159 2726 245 2777; x_wconf 83' lang='lat' dir='ltr'>certa</span> <span class='ocrx_word' id='word_1_183' title='bbox 266 2714 379 2774; x_wconf 87' lang='lat' dir='ltr'>indicia</span> <span class='ocrx_word' id='word_1_184' title='bbox 402 2725 432 2775; x_wconf 88' lang='lat' dir='ltr'>et</span> <span class='ocrx_word' id='word_1_185' title='bbox 456 2722 563 2795; x_wconf 88' lang='lat' dir='ltr'>aperta</span> <span class='ocrx_word' id='word_1_186' title='bbox 581 2733 648 2772; x_wconf 91' lang='lat' dir='ltr'>cum</span> <span class='ocrx_word' id='word_1_187' title='bbox 672 2713 828 2793; x_wconf 88' lang='lat' dir='ltr'>superiore</span> <span class='ocrx_word' id='word_1_188' title='bbox 850 2713 886 2771; x_wconf 87' lang='lat' dir='ltr'>fr.</span> <span class='ocrx_word' id='word_1_189' title='bbox 912 2710 1082 2769; x_wconf 87' lang='lat' dir='ltr'>coniunctio</span> <span class='ocrx_word' id='word_1_190' title='bbox 1104 2730 1171 2768; x_wconf 88' lang='lat' dir='ltr'>sua-</span> 
     </span>
     <span class='ocr_line' id='line_1_23' title="bbox 60 2820 604 2902; baseline -0.009 -18"><span class='ocrx_word' id='word_1_191' title='bbox 60 2824 140 2897; x_wconf 86' lang='lat' dir='ltr'>dent,</span> <span class='ocrx_word' id='word_1_192' title='bbox 163 2823 432 2902; x_wconf 84' lang='lat' dir='ltr'>transpositionem</span> <span class='ocrx_word' id='word_1_193' title='bbox 452 2820 604 2880; x_wconf 88' lang='lat' dir='ltr'>adhibuit:</span> 
     </span>
    </p>
   </div>
   <div class='ocr_carea' id='block_1_6' title="bbox 210 2964 1013 3047">
    <p class='ocr_par' dir='ltr' id='par_1_6' title="bbox 210 2964 1013 3047">
     <span class='ocr_line' id='line_1_24' title="bbox 210 2964 1013 3047; baseline -0.006 -13"><span class='ocrx_word' id='word_1_194' title='bbox 210 2976 311 3034; x_wconf 81' lang='lat' dir='ltr'>Ndrdo</span> <span class='ocrx_word' id='word_1_195' title='bbox 333 2979 419 3033; x_wconf 76' lang='lat' dir='ltr'>sitiat</span> <span class='ocrx_word' id='word_1_196' title='bbox 437 2976 554 3033; x_wconf 83' lang='lat' dir='ltr'>tro&#39;ssali</span> <span class='ocrx_word' id='word_1_197' title='bbox 575 2976 657 3047; x_wconf 72' lang='lat' dir='ltr'>vulpe</span> <span class='ocrx_word' id='word_1_198' title='bbox 677 2964 774 3030; x_wconf 80' lang='lat' dir='ltr'>‘Attico</span> <span class='ocrx_word' id='word_1_199' title='bbox 797 2972 902 3029; x_wconf 77' lang='lat' dir='ltr'>toldoto</span> <span class='ocrx_word' id='word_1_200' title='bbox 924 2989 1013 3029; x_wconf 84' lang='lat' dir='ltr'>ecum.</span> 
     </span>
    </p>
   </div>
   <div class='ocr_carea' id='block_1_7' title="bbox 58 3125 1057 3207">
    <p class='ocr_par' dir='ltr' id='par_1_7' title="bbox 58 3125 1057 3207">
     <span class='ocr_line' id='line_1_25' title="bbox 58 3125 1057 3207; baseline -0.007 -18"><span class='ocrx_word' id='word_1_201' title='bbox 58 3129 172 3190; x_wconf 89' lang='lat' dir='ltr'>Videor</span> <span class='ocrx_word' id='word_1_202' title='bbox 192 3127 267 3187; x_wconf 92' lang='lat' dir='ltr'>mihi</span> <span class='ocrx_word' id='word_1_203' title='bbox 286 3128 390 3207; x_wconf 89' lang='lat' dir='ltr'>paullo</span> <span class='ocrx_word' id='word_1_204' title='bbox 412 3126 511 3186; x_wconf 89' lang='lat' dir='ltr'>lenius</span> <span class='ocrx_word' id='word_1_205' title='bbox 533 3145 640 3184; x_wconf 88' lang='lat' dir='ltr'>versus</span> <span class='ocrx_word' id='word_1_206' title='bbox 662 3125 724 3202; x_wconf 88' lang='lat' dir='ltr'>legi</span> <span class='ocrx_word' id='word_1_207' title='bbox 748 3126 927 3184; x_wconf 82' lang='lat' dir='ltr'>satisfacere</span> <span class='ocrx_word' id='word_1_208' title='bbox 949 3145 1057 3204; x_wconf 88' lang='lat' dir='ltr'>posse:</span> 
     </span>
    </p>
   </div>
   <div class='ocr_carea' id='block_1_8' title="bbox 211 3265 1090 3442">
    <p class='ocr_par' dir='ltr' id='par_1_8' title="bbox 211 3265 1090 3442">
     <span class='ocr_line' id='line_1_26' title="bbox 817 3265 1011 3320; baseline 0 -2"><span class='ocrx_word' id='word_1_209' title='bbox 817 3265 894 3319; x_wconf 79' lang='lat' dir='ltr'>tsdnc</span> <span class='ocrx_word' id='word_1_210' title='bbox 914 3271 1011 3320; x_wconf 82' lang='lat' dir='ltr'>emunt</span> 
     </span>
     <span class='ocr_line' id='line_1_27' title="bbox 211 3357 1090 3442; baseline -0.006 -13"><span class='ocrx_word' id='word_1_211' title='bbox 211 3372 341 3429; x_wconf 78' lang='lat' dir='ltr'>Trdsstdi</span> <span class='ocrx_word' id='word_1_212' title='bbox 361 3371 455 3427; x_wconf 80' lang='lat' dir='ltr'>nardd</span> <span class='ocrx_word' id='word_1_213' title='bbox 477 3372 567 3439; x_wconf 82' lang='lat' dir='ltr'>nitidi,</span> <span class='ocrx_word' id='word_1_214' title='bbox 586 3376 618 3427; x_wconf 80' lang='lat' dir='ltr'>ut</span> <span class='ocrx_word' id='word_1_215' title='bbox 642 3371 733 3442; x_wconf 73' lang='lat' dir='ltr'>vulqo,</span> <span class='ocrx_word' id='word_1_216' title='bbox 755 3357 853 3425; x_wconf 63' lang='lat' dir='ltr'>Castico</span> <span class='ocrx_word' id='word_1_217' title='bbox 874 3369 979 3425; x_wconf 82' lang='lat' dir='ltr'>tole&#39;nto</span> <span class='ocrx_word' id='word_1_218' title='bbox 1001 3385 1090 3425; x_wconf 77' lang='lat' dir='ltr'>ecura.</span> 
     </span>
    </p>
   </div>
   <div class='ocr_carea' id='block_1_9' title="bbox 54 3487 1169 3691">
    <p class='ocr_par' dir='ltr' id='par_1_9' title="bbox 54 3487 1169 3691">
     <span class='ocr_line' id='line_1_28' title="bbox 54 3487 1169 3586; baseline -0.004 -22"><span class='ocrx_word' id='word_1_219' title='bbox 54 3517 84 3566; x_wconf 80' lang='lat' dir='ltr'>ut</span> <span class='ocrx_word' id='word_1_220' title='bbox 100 3511 187 3581; x_wconf 66' lang='lat' dir='ltr'>aalys</span> <span class='ocrx_word' id='word_1_221' title='bbox 206 3504 288 3586; x_wconf 89' lang='lat' dir='ltr'>quod</span> <span class='ocrx_word' id='word_1_222' title='bbox 307 3515 419 3586; x_wconf 81' lang='lat' dir='ltr'>aequat</span> <span class='ocrx_word' id='word_1_223' title='bbox 437 3505 503 3563; x_wconf 90' lang='lat' dir='ltr'>fere</span> <span class='ocrx_word' id='word_1_224' title='bbox 523 3523 667 3580; x_wconf 89' lang='lat' dir='ltr'>graecum</span> <span class='ocrx_word' id='word_1_225' title='bbox 690 3487 728 3572; x_wconf 76' lang='grc' dir='ltr'>ὡς</span> <span class='ocrx_word' id='word_1_226' title='bbox 746 3497 794 3560; x_wconf 80' lang='grc' dir='ltr'>ἐπὶ</span> <span class='ocrx_word' id='word_1_227' title='bbox 815 3493 847 3559; x_wconf 82' lang='grc' dir='ltr'>τὸ</span> <span class='ocrx_word' id='word_1_228' title='bbox 861 3496 945 3561; x_wconf 76' lang='grc' dir='ltr'><strong><em>πολύ.</em></strong></span> <span class='ocrx_word' id='word_1_229' title='bbox 976 3504 1085 3582; x_wconf 89' lang='lat' dir='ltr'>Itaque</span> <span class='ocrx_word' id='word_1_230' title='bbox 1100 3524 1169 3581; x_wconf 84' lang='lat' dir='ltr'>pos·</span> 
     </span>
     <span class='ocr_line' id='line_1_29' title="bbox 56 3609 910 3691; baseline -0.004 -20"><span class='ocrx_word' id='word_1_231' title='bbox 56 3621 124 3672; x_wconf 89' lang='lat' dir='ltr'>sunt</span> <span class='ocrx_word' id='word_1_232' title='bbox 145 3631 229 3671; x_wconf 91' lang='lat' dir='ltr'>nunc</span> <span class='ocrx_word' id='word_1_233' title='bbox 250 3611 328 3671; x_wconf 84' lang='lat' dir='ltr'>haec</span> <span class='ocrx_word' id='word_1_234' title='bbox 350 3609 555 3691; x_wconf 89' lang='lat' dir='ltr'>superioribus</span> <span class='ocrx_word' id='word_1_235' title='bbox 574 3611 618 3668; x_wconf 88' lang='lat' dir='ltr'>ita</span> <span class='ocrx_word' id='word_1_236' title='bbox 640 3610 704 3668; x_wconf 88' lang='lat' dir='ltr'>fere</span> <span class='ocrx_word' id='word_1_237' title='bbox 729 3610 910 3668; x_wconf 89' lang='lat' dir='ltr'>continuari:</span> 
     </span>
    </p>
   </div>
   <div class='ocr_carea' id='block_1_10' title="bbox 205 3737 1097 4034">
    <p class='ocr_par' dir='ltr' id='par_1_10' title="bbox 205 3737 1097 4034">
     <span class='ocr_line' id='line_1_30' title="bbox 205 3737 1086 3824; baseline -0.006 -18"><span class='ocrx_word' id='word_1_238' title='bbox 205 3737 313 3824; x_wconf 82' lang='lat' dir='ltr'>&#39;Itaque</span> <span class='ocrx_word' id='word_1_239' title='bbox 333 3759 401 3806; x_wconf 80' lang='lat' dir='ltr'>tunc</span> <span class='ocrx_word' id='word_1_240' title='bbox 424 3750 504 3805; x_wconf 78' lang='lat' dir='ltr'>eodm</span> <span class='ocrx_word' id='word_1_241' title='bbox 526 3750 689 3804; x_wconf 82' lang='lat' dir='ltr'>mordacem</span> <span class='ocrx_word' id='word_1_242' title='bbox 712 3747 929 3805; x_wconf 80' lang='lat' dir='ltr'>cdlcitrooemve</span> <span class='ocrx_word' id='word_1_243' title='bbox 949 3748 1086 3802; x_wconf 79' lang='lat' dir='ltr'>horridus</span> 
     </span>
     <span class='ocr_line' id='line_1_31' title="bbox 207 3851 1097 3930; baseline -0.004 -18"><span class='ocrx_word' id='word_1_244' title='bbox 207 3855 293 3912; x_wconf 79' lang='lat' dir='ltr'>Miles</span> <span class='ocrx_word' id='word_1_245' title='bbox 314 3872 350 3912; x_wconf 84' lang='lat' dir='ltr'>oc</span> <span class='ocrx_word' id='word_1_246' title='bbox 367 3858 411 3913; x_wconf 82' lang='lat' dir='ltr'>vir</span> <span class='ocrx_word' id='word_1_247' title='bbox 434 3855 490 3912; x_wconf 86' lang='lat' dir='ltr'>oo&#39;n</span> <span class='ocrx_word' id='word_1_248' title='bbox 512 3856 635 3910; x_wconf 75' lang='lat' dir='ltr'>vitatos.-</span> <span class='ocrx_word' id='word_1_249' title='bbox 659 3851 743 3930; x_wconf 65' lang='lat' dir='ltr'>[daeo</span> <span class='ocrx_word' id='word_1_250' title='bbox 764 3851 878 3930; x_wconf 81' lang='lat' dir='ltr'>contro]</span> <span class='ocrx_word' id='word_1_251' title='bbox 902 3855 979 3909; x_wconf 72' lang='lat' dir='ltr'>stunc</span> <span class='ocrx_word' id='word_1_252' title='bbox 1001 3861 1097 3909; x_wconf 77' lang='lat' dir='ltr'>emtore</span> 
     </span>
     <span class='ocr_line' id='line_1_32' title="bbox 211 3953 1082 4034; baseline -0.001 -17"><span class='ocrx_word' id='word_1_253' title='bbox 211 3961 341 4019; x_wconf 81' lang='lat' dir='ltr'>Trdssuli</span> <span class='ocrx_word' id='word_1_254' title='bbox 360 3961 453 4017; x_wconf 81' lang='lat' dir='ltr'>nurdd</span> <span class='ocrx_word' id='word_1_255' title='bbox 473 3963 562 4031; x_wconf 76' lang='lat' dir='ltr'>nitidi,</span> <span class='ocrx_word' id='word_1_256' title='bbox 583 3968 615 4029; x_wconf 77' lang='lat' dir='ltr'>ut</span> <span class='ocrx_word' id='word_1_257' title='bbox 638 3964 729 4034; x_wconf 73' lang='lat' dir='ltr'>culpo,</span> <span class='ocrx_word' id='word_1_258' title='bbox 750 3953 848 4018; x_wconf 78' lang='lat' dir='ltr'>&#39;Attico</span> <span class='ocrx_word' id='word_1_259' title='bbox 869 3961 975 4018; x_wconf 67' lang='lat' dir='ltr'>talento</span> <span class='ocrx_word' id='word_1_260' title='bbox 994 3977 1082 4018; x_wconf 82' lang='lat' dir='ltr'>ecum.</span> 
     </span>
    </p>
   </div>
   <div class='ocr_carea' id='block_1_11' title="bbox 52 4094 1168 4388">
    <p class='ocr_par' dir='ltr' id='par_1_11' title="bbox 52 4094 1168 4388">
     <span class='ocr_line' id='line_1_33' title="bbox 54 4094 1168 4175; baseline 0 -21"><span class='ocrx_word' id='word_1_261' title='bbox 54 4094 174 4155; x_wconf 79' lang='lat' dir='ltr'>Eodem</span> <span class='ocrx_word' id='word_1_262' title='bbox 202 4095 282 4154; x_wconf 91' lang='lat' dir='ltr'>enim</span> <span class='ocrx_word' id='word_1_263' title='bbox 310 4095 423 4155; x_wconf 88' lang='lat' dir='ltr'>ambitu</span> <span class='ocrx_word' id='word_1_264' title='bbox 448 4095 518 4155; x_wconf 87' lang='lat' dir='ltr'>illas</span> <span class='ocrx_word' id='word_1_265' title='bbox 549 4095 717 4154; x_wconf 88' lang='lat' dir='ltr'>sententias</span> <span class='ocrx_word' id='word_1_266' title='bbox 747 4096 976 4175; x_wconf 87' lang='lat' dir='ltr'>comprehendi,</span> <span class='ocrx_word' id='word_1_267' title='bbox 1009 4116 1060 4169; x_wconf 87' lang='lat' dir='ltr'>ea,</span> <span class='ocrx_word' id='word_1_268' title='bbox 1090 4117 1168 4175; x_wconf 86' lang='lat' dir='ltr'>quae</span> 
     </span>
     <span class='ocr_line' id='line_1_34' title="bbox 53 4200 1166 4282; baseline -0.001 -21"><span class='ocrx_word' id='word_1_269' title='bbox 53 4202 185 4261; x_wconf 88' lang='lat' dir='ltr'>Varroni</span> <span class='ocrx_word' id='word_1_270' title='bbox 206 4201 237 4260; x_wconf 93' lang='lat' dir='ltr'>in</span> <span class='ocrx_word' id='word_1_271' title='bbox 259 4200 387 4275; x_wconf 86' lang='lat' dir='ltr'>deliciis,</span> <span class='ocrx_word' id='word_1_272' title='bbox 412 4211 479 4260; x_wconf 81' lang='lat' dir='ltr'>tunc</span> <span class='ocrx_word' id='word_1_273' title='bbox 502 4222 629 4261; x_wconf 85' lang='lat' dir='ltr'>-ouoc</span> <span class='ocrx_word' id='word_1_274' title='bbox 653 4201 868 4280; x_wconf 86' lang='lat' dir='ltr'>particularum</span> <span class='ocrx_word' id='word_1_275' title='bbox 891 4203 1040 4282; x_wconf 88' lang='lat' dir='ltr'>oppositio</span> <span class='ocrx_word' id='word_1_276' title='bbox 1064 4202 1166 4278; x_wconf 80' lang='lat' dir='ltr'>exigit.</span> 
     </span>
     <span class='ocr_line' id='line_1_35' title="bbox 52 4306 1166 4388; baseline -0.003 -21"><span class='ocrx_word' id='word_1_277' title='bbox 52 4306 175 4388; x_wconf 81' lang='lat' dir='ltr'>Quippe</span> <span class='ocrx_word' id='word_1_278' title='bbox 194 4306 287 4367; x_wconf 82' lang='lat' dir='ltr'>cardo</span> <span class='ocrx_word' id='word_1_279' title='bbox 306 4316 336 4367; x_wconf 88' lang='lat' dir='ltr'>et</span> <span class='ocrx_word' id='word_1_280' title='bbox 355 4328 470 4367; x_wconf 89' lang='lat' dir='ltr'>summa</span> <span class='ocrx_word' id='word_1_281' title='bbox 487 4310 650 4367; x_wconf 84' lang='lat' dir='ltr'>universae</span> <span class='ocrx_word' id='word_1_282' title='bbox 670 4309 794 4367; x_wconf 88' lang='lat' dir='ltr'>rationis</span> <span class='ocrx_word' id='word_1_283' title='bbox 815 4309 1025 4367; x_wconf 79' lang='lat' dir='ltr'>Varronianus</span> <span class='ocrx_word' id='word_1_284' title='bbox 1045 4309 1075 4365; x_wconf 94' lang='lat' dir='ltr'>in</span> <span class='ocrx_word' id='word_1_285' title='bbox 1097 4327 1166 4364; x_wconf 89' lang='lat' dir='ltr'>con-</span> 
     </span>
    </p>
   </div>
   <div class='ocr_carea' id='block_1_12' title="bbox 0 0 1384 4890">
    <p class='ocr_par' dir='ltr' id='par_1_12' title="bbox 0 0 1384 4890">
     <span class='ocr_line' id='line_1_36' title="bbox 0 0 1384 4890; baseline 0 0"><span class='ocrx_word' id='word_1_286' title='bbox 0 0 1384 4890; x_wconf 95' lang='lat' dir='ltr'> </span> 
     </span>
    </p>
   </div>
  </div>
 </body>
</html>
