2760 4890
127 325 166 386 18
550 333 808 384 conlucremur.

125 497 240 567 Varro,
270 513 329 572 quo
355 492 564 552 admirabilem
594 495 655 552 vim
678 495 813 552 musicae
835 493 972 552 inferas
994 500 1024 550 et
1046 512 1165 551 omnem
1186 511 1242 549 na·

125 613 225 662 turam
252 621 353 660 rerum
380 601 527 676 insignius
555 600 738 670 illustraret,
772 597 830 657 hoc
857 600 924 658 loco
959 601 1050 658 etiam
1073 596 1244 675 Orpheum,

126 708 346 787 Amphionem,
379 706 454 764 alios
482 706 635 781 tetigerit,
664 724 791 784 quorum
809 713 939 764 cantum
964 713 994 763 et
1018 706 1165 763 musicam
1187 704 1244 761 mi-

126 815 236 873 rabilia
267 831 446 893 procreasse
478 809 702 870 fabulabantur.
750 810 813 870 Sed
839 810 877 870 dc
911 830 970 889 quo
1003 810 1129 869 dicimus
1159 809 1245 885 frag-

126 931 261 980 mentum
289 919 427 978 Kochius
455 920 487 978 in
516 918 784 977 exercitationibus
816 918 928 975 criticis
957 937 988 995 p.
1017 925 1050 980 27
1077 918 1108 975 in
1134 935 1246 975 versus

128 1026 297 1086 distribuit:

278 1147 342 1202 Non
365 1146 460 1201 uidisti
479 1134 568 1200 leoais
588 1146 775 1200 simulacrum
795 1143 867 1198 Idae
885 1145 914 1198 iu
937 1145 998 1199 loca

284 1251 335 1306 Ubi
355 1250 496 1320 quandam
520 1252 611 1306 subito
633 1267 697 1304 eum
719 1251 854 1305 uidissem
876 1251 1091 1322 quadrupedem

284 1358 414 1430 quaaia
437 1355 513 1411 Galli
527 1355 662 1428 feceruut
683 1372 831 1413 mansuem
854 1357 925 1413 adeo
943 1364 974 1412 ut
992 1355 1123 1412 manibus

283 1465 463 1520 Praetorem.

129 1599 190 1679 Qui
213 1597 294 1678 quod
317 1596 355 1655 de
377 1594 548 1673 galliambis
569 1597 729 1673 cogitavit,
758 1617 819 1655 non
840 1597 943 1674 inepte
964 1594 1038 1652 fecit
1058 1595 1089 1652 in
1109 1613 1145 1652 eo
1163 1593 1247 1667 loco,

131 1727 190 1786 quo
220 1704 258 1764 de
284 1703 381 1765 Gallis
405 1709 435 1759 et
456 1721 585 1778 magnae
608 1704 712 1762 matris
735 1703 818 1761 cultu
840 1703 948 1779 agitur.
993 1698 1056 1760 Sed
1087 1701 1108 1757 ii
1135 1719 1248 1758 versus
1276 1741 1279 1746 ·

37 1822 41 1829 '
129 1831 188 1891 quo
216 1808 387 1890 prodirent,
420 1816 528 1886 quater
555 1808 587 1865 in
611 1806 707 1866 tribus
729 1807 868 1867 versibus
888 1805 1106 1884 transponendi
1128 1806 1247 1864 machi·

128 1938 196 1976 nam
221 1915 344 1985 ascivit,
374 1918 413 1973 ad
435 1917 518 1973 Idam
540 1933 556 1972 e
578 1918 638 1972 loco
660 1915 788 1973 mutavit
809 1915 840 1973 in
860 1916 932 1972 Idae
954 1918 983 1971 in
1005 1916 1079 1982 loeo,
1111 1911 1247 1990 denique

127 2043 191 2082 eum
213 2022 336 2082 delevit.
380 2017 477 2099 Atqui
499 2020 614 2099 absque
636 2021 723 2079 metri
744 2022 928 2080 necessitate
952 2026 1049 2090 esset,
1078 2037 1167 2075 nemo
1192 2018 1248 2076 vel

127 2129 159 2187 in
180 2147 243 2187 eum
270 2129 413 2187 haereret
433 2125 484 2183 vel
511 2130 550 2184 ad
570 2129 653 2185 idam
685 2145 717 2185 eo
744 2131 804 2186 loco
830 2126 921 2184 facile
948 2123 1096 2183 cumillis
1119 2127 1192 2182 Idae
1215 2131 1248 2182 in

128 2239 188 2293 loeo
209 2233 386 2292 commutari
408 2231 517 2306 ferret,
541 2252 619 2311 quae
641 2233 714 2291 mihi
736 2232 858 2312 quidem
879 2232 998 2309 longius
1022 2251 1040 2288 a
1062 2231 1160 2288 forma
1182 2231 1246 2309 pri-

128 2340 233 2398 mitiva
256 2338 364 2398 abesse
392 2337 543 2397 videntur.
590 2335 829 2404 Collocationam
857 2348 958 2398 autem
985 2336 1146 2397 verborum
1176 2355 1247 2394 cum

129 2443 288 2502 considero
318 2463 402 2516 eam,
441 2464 530 2522 quam
559 2444 660 2503 Nonio
690 2452 847 2523 acceptam
875 2447 1048 2504 referimus:
1086 2460 1149 2501 eum
1178 2462 1247 2501 eum

127 2553 265 2608 vidissem
286 2553 516 2622 quadrupedem,
542 2552 617 2607 Galli
635 2555 780 2624 tympania
802 2555 872 2609 adeo
890 2552 1025 2625 feceruut
1045 2567 1193 2607 mansuem
1213 2559 1247 2608 ut

128 2661 290 2712 tractarent
310 2659 457 2726 manibus,
481 2655 585 2714 nescio
608 2675 698 2734 quem
720 2655 797 2714 haec
820 2655 893 2714 mihi
916 2657 1051 2715 nativum
1074 2663 1105 2714 et
1128 2655 1245 2735 simpli·

130 2781 196 2820 cem
222 2761 354 2819 colorem
384 2760 500 2819 referre
527 2759 689 2820 videantur
716 2781 796 2841 prae·
816 2760 891 2834 illis,
926 2781 1004 2840 quac
1025 2762 1146 2820 Kochio
1176 2763 1246 2857 pla·-

130 2875 273 2925 cuerunt:
302 2886 366 2925 eum
387 2869 521 2923 uidissem
545 2870 760 2940 quadrupedem
782 2871 898 2941 tqpaais
914 2869 990 2925 Galli
1004 2871 1141 2943 fecerum
1162 2890 1246 2928 mau-

127 2991 206 3031 suem
222 2976 293 3030 adeo
310 2979 342 3028 ut
356 2973 487 3029 manibus
506 2979 674 3030 tractarem.
720 2972 783 3032 Sed
797 2991 904 3031 versus
922 2973 997 3031 istos
1016 2947 1156 3055 ipsosne
1172 2997 1246 3037 con-

128 3080 233 3138 venire
256 3076 378 3156 quidem
401 3077 474 3134 artis
496 3076 558 3153 legi
581 3078 706 3149 sentiet,
732 3079 783 3157 qui
804 3080 946 3159 Roepero
964 3080 1118 3160 Philologi
1140 3084 1191 3142 IX
1213 3106 1245 3164 p.

128 3194 180 3248 234
203 3205 249 3265 sq.
273 3181 474 3262 adstipulatus
504 3183 616 3242 cretico
636 3183 719 3243 finali
740 3185 770 3244 h.
793 3206 820 3246 e.
844 3184 1040 3245 anaclomeno
1063 3189 1246 3249 catalectico

32 3361 35 3367 Δ
127 3310 189 3348 uon
216 3287 329 3347 debere
351 3288 402 3348 vel
427 3308 534 3367 purum
561 3290 693 3349 ionicum
723 3292 775 3351 vel
802 3293 965 3352 molossum
987 3295 1141 3374 praemitti
1164 3295 1245 3356 arbi·

127 3394 265 3453 trabitur.
308 3393 389 3453 Nam
410 3394 563 3470 KochiuS,
595 3397 713 3477 quoad
736 3398 962 3458 defendendam
988 3421 1054 3459 eam
1075 3401 1245 3476 licentiam,

129 3522 190 3581 qua
211 3500 389 3559 ‘anaclasim
409 3501 475 3560 fere
498 3502 620 3580 syllaba
641 3503 733 3580 longa
755 3506 950 3582 praecedat',
972 3507 1118 3567 Varronis
1139 3528 1246 3568 exem·

127 3607 179 3686 plo
201 3608 309 3680 utitur,
337 3607 369 3664 in
392 3627 427 3665 eo
451 3607 589 3686 quidem,
618 3608 707 3667 modo
738 3618 840 3669 cetera
865 3612 961 3692 proba
988 3622 1108 3686 essent,
1137 3618 1246 3674 matri'

130 3712 292 3772 scribendo
313 3733 368 3792 pro
390 3719 492 3772 matris
515 3715 630 3773 evitare
654 3715 822 3773 anaclasim
841 3716 930 3776 licet:

283 3852 346 3907 Tibi
365 3858 474 3925 tqpaaa
497 3870 554 3909 noa
575 3853 670 3908 inanis
692 3855 801 3909 sonitus
822 3854 920 3911 matri'
942 3857 1033 3911 deum.

127 3984 242 4044 Verum
264 3992 297 4042 ut
317 3985 434 4044 incerta
454 3987 508 4059 iis,
536 4005 615 4065 quae
639 3993 723 4044 certa
744 3987 819 4059 sint,
842 4007 1000 4064 regamus,
1027 4009 1084 4066 age
1106 3989 1246 4052 breviter

128 4091 193 4149 eius
208 4091 296 4150 metri
317 4090 458 4169 exempla
472 4091 663 4152 Varroniana
686 4093 786 4151 omnia
802 4095 1020 4173 expendamus.
1056 4095 1144 4154 Inter
1160 4117 1243 4176 quae

128 4199 288 4257 certissimi
307 4205 376 4256 sunt
398 4206 429 4255 et
450 4199 600 4277 scriptura
623 4200 792 4258 certissima
815 4202 843 4258 ei
864 4221 987 4274 verena,
1011 4221 1086 4280 quos
1105 4202 1145 4262 G.
1162 4204 1245 4265 Her-

128 4324 254 4363 mannus
275 4305 306 4363 in
330 4304 488 4362 clementis
512 4303 540 4362 d.
560 4326 598 4363 m.
621 4327 651 4384 p.
674 4317 724 4369 505
743 4307 914 4365 recensuit:
