2760 4890
503 329 761 377 consecrasse.
1147 321 1186 382 73

68 486 170 546 Recta
189 504 333 547 mensura
354 488 454 559 docet,
477 486 551 546 nihil
573 488 622 546 hic
644 488 693 546 vel
712 488 939 567 transponendo
954 490 1005 548 vel
1022 491 1187 550 omittendo

70 602 233 673 peccatum
257 612 325 654 esse
348 613 367 650 a
387 590 528 652 librariis.
573 592 624 651 Sic
647 593 726 651 enim
749 592 902 651 dimetior:

423 780 426 785 Ι
695 706 785 760 oleum
808 708 837 761 iu
858 704 1083 761 lticubratio'nem

225 806 409 865 Serodbimus
430 824 517 879 quam
535 809 564 862 io
585 807 728 884 epitropos
750 818 836 867 totam
854 810 995 882 lecythum
1016 812 1186 868 esertdmus.

70 912 214 991 Roepero
236 920 323 972 totam
345 909 483 971 debetur.
505 915 646 986 lecythum
669 914 797 993 pulchra
820 914 991 974 emendatio
1007 899 1111 991 Rotbii
1131 923 1185 973 est.

71 1020 250 1077 servabimus
276 1016 426 1077 Oehlerus
457 1019 602 1088 correxit,
632 1021 682 1099 qui
712 1042 772 1079 non
799 1021 931 1081 debebat
953 1017 1092 1077 dubitare
1115 1038 1186 1076 ean-

72 1122 140 1183 dem
169 1123 388 1183 correctionem
417 1130 569 1189 Tannonius
596 1128 765 1203 fragmento
800 1130 890 1188 unico
920 1124 1080 1186 adhibere:
1124 1125 1187 1183 Non

72 1233 152 1288 modo
173 1233 279 1287 absens
299 1234 451 1304 quicquam
472 1234 507 1288 de
527 1240 553 1288 te
574 1237 691 1306 sequius
709 1238 856 1309 capitanii,
884 1237 1037 1292 sedetiam
1059 1235 1187 1290 rumina-

72 1337 148 1393 bitur
172 1337 389 1395 humanitatem.
435 1335 529 1394 Cuius
560 1337 722 1414 fragmenti
746 1349 865 1418 partem
891 1339 1020 1417 priorem
1049 1336 1187 1396 Kochius

72 1443 102 1499 in
123 1439 395 1501 exercitationibus
410 1460 440 1518 p.
456 1451 488 1503 31
512 1442 543 1499 in
562 1445 726 1520 septenarii
747 1445 891 1502 trochaici
907 1445 1035 1502 formam
1050 1441 1185 1518 redegit:

225 1551 290 1607 Non
307 1550 389 1605 modo
410 1552 513 1606 absens
533 1551 687 1622 quicquam
709 1555 744 1608 de
766 1559 792 1608 te
811 1553 943 1624 cepitabit
959 1551 1084 1623 sequius.

74 1654 162 1733 Quae
190 1653 342 1714 restitutio
371 1666 438 1740 curn
466 1672 546 1712 nunc
572 1654 752 1734 reprobetur
765 1658 837 1729 eis,
867 1676 946 1735 quae
967 1654 1188 1714 Fleckeisenus

72 1761 102 1819 in
128 1781 209 1819 novo
238 1779 342 1818 museo
370 1758 518 1818 Rhenano
539 1761 618 1820 VIII
640 1783 670 1841 p.
693 1771 745 1825 2⁶23
766 1762 805 1821 de
825 1764 910 1821 vocis
932 1765 1048 1835 sequius
1070 1759 1186 1837 quanti-

73 1874 134 1924 tate
156 1865 272 1937 docuit,
295 1873 358 1922 turn
378 1885 501 1943 possum
516 1864 631 1946 absque
647 1871 880 1948 transpositione
897 1878 992 1926 totam
1007 1867 1188 1926 sententiam

74 1972 133 2031 suis
145 1971 289 2029 numeris
307 1969 451 2029 reddere:

180 2089 185 2095 '
224 2120 231 2133 .
253 2077 311 2134 ndo
333 2080 414 2135 modo
435 2080 537 2134 obsessa
558 2079 710 2153 quicquum
733 2085 767 2139 de
790 2089 816 2138 te
838 2081 955 2154 sequius
977 2079 1118 2153 capillitii,

224 2183 283 2240 Seu
298 2182 383 2240 etiam
405 2183 598 2242 rumirsdbitur
618 2187 832 2270 llumtiaitatem.

21 2314 25 2323 ·
54 2288 113 2363 ,Ut
139 2289 201 2347 hoc
230 2305 310 2346 nunc
339 2289 460 2346 tertium
483 2292 655 2370 exemplum
677 2295 713 2353 iis
739 2294 882 2364 accedet,
915 2290 1022 2370 quibus
1046 2289 1185 2348 Fleckei-

75 2415 163 2455 senns
181 2399 299 2469 sequius
317 2395 414 2473 prima
435 2395 522 2454 brevi
544 2417 611 2455 esse
636 2399 776 2458 ostendit.
822 2399 912 2458 Alter
934 2416 1040 2456 versus
1061 2416 1122 2452 non
1143 2394 1186 2452 di-

74 2502 145 2560 rimo
182 2510 282 2561 utrum
309 2509 465 2560 truncatus
494 2505 533 2561 sit
561 2506 765 2582 septenarius,
806 2526 844 2563 an
875 2505 1010 2563 trimeter
1036 2501 1187 2561 ‘iambicus

74 2606 359 2687 hypercatalectus,
390 2627 480 2688 quem
505 2618 631 2668 vocant:
667 2609 749 2688 qnod
776 2629 873 2686 genus
902 2609 1014 2668 ibidem
1044 2607 1186 2667 Fleckei-

76 2733 162 2772 senus
192 2702 308 2791 tetigit:
337 2713 368 2771 in
386 2722 495 2772 neutra
517 2736 657 2775 mensura
681 2714 802 2795 syllaba
826 2737 954 2794 anceps,
987 2736 1066 2795 quae
1090 2715 1189 2774 estin

76 2818 276 2890 seminabitur,
296 2821 457 2899 quicquam
481 2821 657 2880 offensionis
679 2819 782 2880 habet.

157 2924 269 2985 Habeo
292 2924 423 3004 denique
444 2946 535 2985 unum
559 2928 649 2985 etiam
672 2912 850 2986 deminutivi
874 2928 1045 3007 exemplum
1069 2948 1086 2985 a
1108 2927 1187 2985 Roe·

77 3052 146 3110 pero
168 3031 320 3091 detritum.
365 3042 533 3091 Demos-oasa
558 3035 637 3092 enim
659 3035 695 3092 fr.
715 3044 731 3096 3
752 3038 879 3093 licetne
899 3036 1118 3109 epigrammatis
1140 3035 1187 3106 sa-

75 3156 147 3207 cere,
168 3145 198 3195 ct
217 3143 351 3210 quoniam
373 3146 487 3201 nomino
506 3160 562 3199 nort
583 3146 709 3212 memini,
733 3145 809 3215 quod
830 3144 858 3197 in
880 3144 971 3198 solum
992 3143 1061 3198 milti
1083 3143 1190 3197 verterit

72 3264 191 3317 ponam,
216 3264 284 3303 cum
306 3247 464 3306 verissime
490 3248 635 3306 sensisset.
658 3267 799 3305 numeros
823 3247 946 3318 offerre,
968 3247 1023 3304 hos
1046 3244 1117 3303 inde
1141 3264 1187 3300 se-

76 3353 174 3412 narios
197 3352 329 3411 effinxit:

225 3460 305 3519 Lites
326 3477 369 3516 me
388 3463 598 3534 epiprommuto
619 3460 730 3533 fucere,
754 3469 781 3517 et
804 3463 936 3532 qttossiom
960 3461 1075 3516 olimina

225 3568 289 3625 Non
308 3565 431 3634 memini,
454 3568 607 3639 quodquod
628 3566 657 3623 ia
678 3570 768 3624 solem
792 3556 989 3624 inihi've'nerit

224 3674 344 3732 Pontim.

32 3847 36 3857 ¹
73 3781 131 3840 Pro
163 3779 295 3858 simplici
322 3781 398 3853 quod
425 3777 560 3855 reposuit
590 3781 744 3851 quodquod
776 3788 805 3836 et
828 3778 948 3856 scripsit
971 3781 1188 3851 epiprommotc.

76 3886 177 3946 Utitur
198 3886 230 3944 in
251 3885 309 3950 hac
332 3903 374 3956 re,
394 3890 431 3940 ut
450 3902 543 3960 saepe
563 3882 645 3957 alibi,
670 3886 786 3965 aliquot
806 3887 998 3965 antiquarum
1015 3884 1106 3942 Nonii
1126 3881 1187 3940 edi-

74 3992 189 4051 tionum
212 3989 402 4061 auctoritate,
425 4008 515 4067 quarn
538 4008 605 4070 ego,
625 3999 657 4047 ut
677 4011 755 4049 name
778 4011 827 4050 res
853 4001 900 4050 est
922 3991 1017 4050 omnis
1035 3988 1186 4057 Noniana,

75 4107 125 4157 aut
146 4098 223 4157 nihil
246 4106 299 4157 aut
314 4115 499 4176 perpaucum
520 4095 625 4154 valere
648 4095 785 4156 arbitror.
829 4097 890 4157 Sed
913 4096 1010 4156 voluit
1031 4095 1112 4154 haud
1135 4093 1187 4151 du-
1213 4082 1217 4090 ’

74 4202 122 4264 bie
144 4204 304 4283 Roeperus
326 4223 408 4277 eam,
442 4222 520 4282 quae
542 4204 760 4275 epiprumnmlia
783 4204 879 4261 forma
906 4204 1041 4272 infertur,
1064 4199 1187 4278 positio·
1245 4264 1248 4269 ⁵

74 4329 143 4369 nem
163 4309 336 4387 neglectam
360 4306 512 4391 devitare:
538 4327 617 4386 quiae
640 4308 664 4364 si
681 4328 754 4366 vera
771 4318 835 4367 orat
853 4309 989 4377 offensio,
1012 4303 1187 4384 praestabat
