2760 4890
496 336 753 385 corrncrsrus.
782 334 787 341 ·
842 341 849 350 ·
1056 402 1062 413 ἱ
1124 326 1185 387 125

62 495 261 557 citationibus
292 495 404 555 criticis
424 495 460 555 II
481 507 513 570 l,
535 506 567 559 11
603 493 656 575 (cf.
681 497 794 555 Festus
820 495 944 555 Miilleri
966 517 996 575 p.
1020 494 1083 575 118)
1114 516 1185 555 con·
1247 556 1251 563 ,

61 594 214 663 iacturam
248 605 361 661 mamas
392 600 534 681 probavit
567 611 598 662 et
632 592 768 682 pluribus
798 602 917 660 firmare
949 601 1078 661 studuit:
1118 622 1185 662 esse

62 720 122 767 eas·
142 707 258 773 laneas
280 705 423 791 'effigiem
465 728 541 789 quas
575 728 637 767 una
662 728 730 767 cum
755 709 825 788 pilis
855 708 1000 787 suspendi
1032 709 1185 789 Compita·

60 813 139 873 libus
168 814 277 875 solitas
303 833 371 873 esse
397 833 465 872 eum
494 814 546 873 alii
571 822 666 874 testes
694 823 757 872 tum
781 814 955 874 Macrobius
986 815 1108 877 Saturn.
1132 817 1184 881 17

61 920 242 999 perhibent:
279 920 319 979 cf.
347 919 385 980 0.
406 920 533 981 Iahnius
560 920 592 980 in
613 922 700 980 Pers.
728 942 758 1000 p.
783 929 847 994 174,
878 921 1046 1003 eodemque
1070 942 1184 999 genere

58 1030 137 1099 pilus
159 1025 309 1087 contineri
331 1048 347 1087 e
367 1028 462 1087 Festo
485 1036 613 1108 apparet
632 1047 662 1106 p.
686 1036 737 1090 239
759 1027 802 1087 M.
826 1027 895 1086 coll.
913 1028 1021 1127 Ppulo
1066 1019 1116 1087 De
1139 1047 1184 1087 re·

61 1136 149 1190 ttcuto
172 1141 298 1213 praeter
318 1134 451 1193 Nonium
472 1154 502 1212 p.
527 1142 595 1206 512,
622 1142 651 1193 11
676 1132 748 1191 vide
768 1133 937 1193 Varronem
957 1134 996 1194 de
1014 1136 1119 1212 lingua
1138 1136 1184 1194 la-

60 1235 124 1293 tina
141 1236 173 1295 V
188 1243 250 1311 130,
272 1238 381 1300 Iuven.
396 1240 430 1299 ΙΙ
445 1248 480 1303 96
501 1258 570 1297 cum
591 1227 858 1299 adeeinrichii.
887 1244 1052 1317 Strophium
1066 1242 1184 1301 Nonius

60 1339 200 1419 explieat
220 1363 251 1421 p.
274 1354 336 1419 538,
354 1354 386 1409 7:
421 1345 460 1403 cf.
483 1344 617 1404 Beckeri
640 1344 748 1405 Gallus
770 1346 821 1404 III
843 1367 872 1425 p.
896 1357 961 1421 111,
992 1347 1131 1426 Scaliger
1152 1349 1184 1407 in

61 1447 155 1529 catal.
175 1468 207 1527 p.
229 1458 273 1513 65.
316 1450 426 1531 Itaque
449 1450 504 1510 illa
526 1450 564 1509 de
587 1451 695 1510 maniis
715 1450 846 1532 pilisque
866 1451 892 1510 si
913 1473 975 1511 non
999 1452 1182 1532 improbabi-

60 1553 101 1612 lia
132 1563 220 1629 sunt,
251 1555 290 1617 de
317 1557 416 1618 salute
445 1556 573 1616 alicuius
602 1578 654 1617 cas
683 1578 732 1617 res
755 1578 773 1615 a
794 1557 907 1618 femina
928 1579 1093 1639 suspensas
1114 1579 1182 1618 esse

61 1670 201 1740 apparet.
245 1662 284 1723 Id
314 1663 395 1744 quod
424 1662 573 1744 quomodo
602 1663 690 1722 huius
704 1704 707 1709 -
720 1672 841 1722 saturae
863 1675 1041 1743 argumento
1063 1686 1182 1725 accom-

60 1768 219 1843 modetur,
257 1770 407 1830 neminem
440 1770 528 1846 fugit.
584 1770 701 1847 Tetigit
727 1769 823 1829 verba
856 1780 979 1851 propter
1012 1774 1181 1853 inaequali·
1218 1832 1222 1841 ,

59 1870 157 1935 tatem
181 1874 418 1947 coniunctionis,
441 1895 521 1954 quae
543 1897 623 1935 nunc
639 1869 743 1951 abest,
766 1883 897 1935 morinus
919 1883 1009 1957 mollis
1026 1885 1112 1955 pilea,
1136 1900 1182 1939 re-

59 1986 149 2041 titulo
170 2002 207 2041 ac
224 1984 356 2055 strophia
373 1982 417 2041 Μ.
437 1982 590 2060 Hauptius
612 1983 643 2042 in
663 1982 925 2043 observationibus
949 1984 1061 2044 criticis
1083 2007 1113 2066 p.
1137 1998 1181 2050 31.

60 2089 226 2149 Narniam
247 2087 421 2148 bimembris
444 2072 540 2147 oratio
562 2097 618 2162 est,
641 2091 775 2148 iunctum
791 2090 957 2149 membrum
973 2092 1113 2165 alterum,
1138 2095 1181 2152 al-

58 2205 160 2255 terum
185 2196 332 2255 solutum:
356 2200 483 2266 manias,
504 2199 597 2268 pilam
623 2200 745 2256 reticula
767 2218 803 2256 ac
822 2201 963 2272 strophio.
1008 2200 1182 2278 Descripsit

60 2301 195 2382 denique
216 2302 376 2380 Roeperus
397 2301 548 2361 senarios:

216 2455 371 2527 Suspendit
392 2459 503 2513 loribus
523 2456 650 2525 manias,
675 2457 766 2515 mollis
785 2462 873 2531 pilot,

215 2561 349 2621 Reticuta
371 2580 405 2620 ac
427 2563 568 2636 strophio.

58 2716 165 2776 Unum
192 2715 284 2775 etiam
310 2723 451 2792 superest
478 2714 567 2774 huius
595 2725 717 2775 saturae
746 2715 966 2792 fragmentum,
995 2719 1074 2798 quod
1098 2719 1179 2780 Oeb-

58 2824 153 2896 lerus,
178 2822 360 2899 nescioquo
384 2820 459 2892 iure,
477 2821 573 2899 primo
596 2819 664 2879 loco
687 2821 859 2899 adscripsit.
901 2822 992 2882 Certe
1014 2825 1087 2883 mihi
1105 2827 1180 2886 nihil

58 2930 98 2990 de
127 2930 194 2991 eius
229 2928 304 2989 sede
334 2928 371 2986 icc
396 2948 477 2988 nexu
505 2935 690 3005 compertum
719 2938 779 2989 est:
809 2937 840 2988 at
868 2932 1050 3006 sententiam
1071 2932 1179 2992 videor

57 3044 222 3097 assecutus
245 3026 323 3096 esse.

146 3201 161 3254 1
213 3194 270 3250 Hic
290 3198 364 3251 enim
386 3194 482 3248 omnia
504 3197 586 3251 erat:
609 3193 681 3247 idem
700 3197 845 3264 sacerdos,
866 3204 995 3268 praetor,
1015 3201 1179 3269 parochos:

212 3300 334 3374 denique
356 3301 429 3356 idem
452 3303 579 3365 senatus,
592 3300 676 3355 ,idem
694 3303 828 3371 popolus,
852 3301 952 3373 tcaput.

22 3452 27 3459 ’
57 3468 110 3529 Sic
144 3468 225 3527 enim
249 3467 321 3533 libri
349 3466 443 3526 Nonii
463 3488 493 3545 p.
516 3474 566 3538 48,
587 3474 637 3539 32,
667 3467 725 3525 nisi
753 3468 835 3547 quod
853 3468 963 3542 leviter
984 3470 1015 3528 in
1037 3471 1178 3530 Wolfen-

56 3574 216 3639 buttelano
236 3584 360 3650 praeter
381 3592 527 3648 paratos,
551 3572 583 3631 in
602 3572 747 3632 Leidensi
763 3585 885 3648 praetor
900 3585 1023 3649 paratos
1045 3552 1191 3634 erratum¹

58 3690 114 3743 est.
161 3680 226 3743 scd
254 3699 322 3740 eum
347 3681 442 3755 tcaput
464 3680 508 3737 sie
533 3678 613 3738 nude
635 3689 666 3738 ct
691 3668 856 3752 ἆσυνόέτως
876 3683 1007 3761 positum
1028 3685 1093 3742 iure
1116 3683 1176 3741 dis·

55 3788 205 3868 pliceret,
227 3788 261 3847 in
281 3784 413 3864 antiquis
432 3782 526 3844 Nonii
549 3785 730 3845 editionibus
754 3789 936 3867 vulgabatur
954 3796 1059 3864 populi
1078 3803 1176 3865 caput,

57 3891 143 3973 quod
172 3913 241 3952 cum
257 3890 318 3952 ‘alii
339 3890 410 3949 olim
432 3899 495 3949 tum
515 3891 635 3951 Nakius
658 3894 690 3951 in
712 3913 820 3954 comm.
845 3895 884 3954 ad
905 3896 1063 3957 Valerium
1086 3898 1175 3958 Cato-

55 4019 129 4058 nem
146 3982 178 4079 p.
202 4008 255 4063 183
275 4018 312 4058 ae
329 4018 427 4077 nuper
448 4000 607 4079 Roeperus
629 4000 805 4078 probarunt.
850 4003 1015 4081 Perperam
1037 4013 1070 4060 ut
1091 4013 1175 4083 puto,

57 4125 128 4165 cum
146 4124 205 4164 nec
222 4114 298 4185 apte.
317 4114 347 4164 et
368 4106 490 4184 proprie
512 4115 639 4178 serratas,
658 4112 762 4182 populi
781 4117 869 4182 capot
892 4111 1034 4185 coniungi
1048 4110 1174 4170 videan-

55 4219 106 4270 tur
133 4230 192 4271 nec
222 4230 386 4289 congruam
414 4213 489 4269 mori
511 4212 648 4272 Romano
674 4214 916 4274 coniunctionem
938 4226 1055 4275 senatus
1077 4228 1105 4275 et
1122 4209 1175 4290 po·

50 4304 150 4394 putat
163 4318 267 4398 perire
284 4320 393 4399 patiar.
424 4319 621 4380 Revoearunt
643 4320 767 4401 quidem
787 4322 970 4400 primitivam
997 4324 1176 4402 scripturam
