2760 4890
129 319 171 384 62
286 336 292 346 ·
544 329 800 382 ιοιιιιιοιιιιιιι.

129 491 220 570 Quod
252 511 268 549 e
296 490 351 549 tali
377 490 443 549 fere
470 491 740 569 comprehensione
764 499 915 569 sumptum
941 490 1078 551 videtur:
1107 488 1182 570 Qua
1212 500 1248 550 tu

128 606 218 678 putas
245 596 337 656 animi
364 597 496 657 elatione
521 597 645 674 gloriari
674 606 727 657 aut
751 598 848 671 hunc,
878 597 929 675 qui
955 617 1040 658 suem
1067 598 1248 659 silvaticum

129 705 279 785 percussit
298 702 459 776 venabulo,
477 711 528 761 aut
543 703 639 776 illum,
662 702 714 782 qui
729 723 852 763 cervum
869 723 959 782 sparo
975 704 1136 783 tragulave
1151 705 1247 765 traie-

130 813 180 874 cit.
225 811 273 872 Of.
297 815 368 867 (troc
388 816 480 866 Αιιιι
502 810 540 869 fr.
561 811 604 870 X.
649 810 837 890 Scripturam
857 828 1128 893 versuumparum
1152 831 1246 871 accu-

129 927 195 978 rate
218 915 368 977 Oehlerus
389 917 575 977 diiudicavit.
612 915 665 975 Bis
686 917 731 977 eis
753 916 847 975 utitur
868 917 986 998 Nonius
1003 938 1034 997 p.
1056 928 1119 991 553,
1136 927 1172 980 30
1195 927 1249 977 out

126 1030 173 1085 ille
199 1044 223 1084 c.
255 1044 281 1100 q.
309 1028 431 1083 uolubile
459 1041 583 1083 currens
614 1041 657 1098 sp.
690 1041 713 1081 s.
746 1029 895 1101 tropulooe
924 1030 1036 1098 traicit,
1070 1046 1129 1085 nec
1155 1025 1248 1085 aliter

129 1132 233 1191 scribit
247 1146 283 1211 p.
303 1142 370 1203 555,
396 1139 447 1205 20,
474 1130 544 1188 nisi.
560 1128 642 1208 quod
664 1139 779 1188 secutus
801 1142 844 1191 est
865 1130 934 1191 libri
957 1152 1078 1207 omnes,
1113 1141 1144 1191 et
1165 1152 1246 1191 unus

129 1236 429 1299 Wolfeubuttelanus
450 1237 514 1296 levi
537 1254 637 1296 errore
657 1242 809 1311 protulooe
829 1258 884 1318 pro
899 1244 1057 1315 tropolooe.
1096 1239 1164 1296 Iam
1183 1258 1245 1317 quo

129 1345 287 1425 utriusque
307 1363 414 1403 versus
434 1364 577 1405 mensura
598 1342 655 1402 sibi
673 1351 836 1418 constaret,
857 1346 961 1405 Iunius
978 1346 1034 1405 hos
1054 1344 1248 1404 choliambos

128 1451 160 1510 in
183 1450 320 1528 margine
341 1449 482 1509 editionis
503 1470 578 1509 suae
601 1451 751 1530 reposuit:

127 1543 131 1551 ⁴
280 1561 339 1615 Aut
357 1557 404 1615 ille
424 1574 539 1615 ceruum
563 1557 615 1630 qui
631 1559 773 1615 solutilem
788 1557 917 1618 'correns

281 1665 376 1740 Spuro'
397 1671 512 1722 seculus
533 1664 682 1737 trapazetae
704 1666 826 1724 traie'cit.

128 1746 284 1852 Appdret,
315 1791 404 1850 quam
426 1769 478 1829 ille
500 1769 656 1830 commode
678 1791 776 1851 aeque
798 1791 835 1831 ac
855 1770 966 1829 leniter
987 1759 1128 1829 versibus
1154 1771 1245 1829 satis—

130 1877 252 1937 fecerit:
283 1897 301 1934 a
330 1896 388 1955 quo
413 1896 479 1935 cum
505 1874 656 1936 Oehlerus
679 1896 815 1938 seorsum
835 1876 971 1954 judicare
993 1877 1104 1949 vellet,
1137 1877 1247 1956 lapsus

130 1994 190 2044 est:
214 2004 272 2043 neo
295 1985 375 2043 enim
394 1984 534 2062 cuiquam
555 1992 627 2063 puto
652 2004 727 2063 prae
748 1984 829 2043 Iunii
852 1983 1028 2043 choliambis
1048 1983 1177 2043 Oehleri
1200 2004 1246 2043 se-

130 2093 231 2151 narios
252 2088 412 2172 probatum
432 2088 482 2147 iri:
522 2144 528 2159 ,

281 2201 338 2256 Aul
359 2200 406 2255 ille
426 2213 541 2255 cervum
564 2200 614 2270 qui
634 2213 757 2254 currens
779 2200 897 2256 volabile

282 2308 377 2381 Spmo
394 2313 510 2363 secutus
532 2309 682 2377 crapulosa
705 2308 810 2363 traicit.

129 2413 178 2471 Ne
199 2413 231 2470 iu
251 2431 287 2471 eo
310 2410 432 2492 quidem
455 2430 473 2468 ι
494 2407 574 2467 Iunii
594 2405 732 2487 partibus
756 2405 891 2481 discedo,
915 2406 996 2486 quod
1011 2412 1152 2467 volatilem
1171 2410 1245 2469 scri-

129 2517 188 2591 bit,
223 2537 291 2576 cum
307 2507 386 2575 'libri
407 2513 537 2575 suadere
562 2516 707 2573 volubilem
727 2510 898 2573 videantur.
935 2513 967 2572 id
987 2513 1068 2593 quod
1091 2513 1245 2576 Oehlerus

130 2623 272 2699 analogia
301 2622 427 2681 aliorum
446 2642 465 2681 a
484 2618 585 2680 verbis
608 2617 805 2678 intransitivis
825 2618 1018 2678 oriundorum
1040 2620 1161 2680 firmare
1183 2630 1245 2680 stu·

131 2728 209 2787 duit:
236 2736 379 2808 poterant
405 2726 546 2806 exempla
573 2724 775 2797 accumulari,
813 2733 934 2805 poterat
965 2725 1122 2786 admoneri
1153 2728 1245 2787 etiam

131 2853 250 2907 eorum,
276 2834 308 2892 in
334 2832 442 2913 quibus
468 2833 591 2910 linguae
620 2849 692 2889 usus
722 2830 875 2910 duplicem
895 2832 1023 2892 formam
1047 2835 1111 2890 bilis
1135 2841 1167 2891 et
1189 2836 1246 2891 tilis

130 2940 258 3016 effinxit,
280 2940 365 3000 velut
386 2942 528 2999 versatilis
551 2947 582 2997 et
605 2940 760 3008 versabilis,
779 2942 900 2999 solatilis
914 2946 945 2998 et
960 2941 1096 3009 solubilis,
1120 2937 1159 2996 de
1173 2930 1245 3018 quo·

129 3067 195 3105 rum
224 3045 396 3105 discrimine
423 3044 585 3104 videantur
606 3041 735 3120 Reisigii
760 3044 885 3105 scholae
907 3045 946 3105 de
976 3043 1175 3122 grammatica
1202 3043 1244 3102 la-

130 3155 194 3213 tina
220 3172 288 3215 cum
317 3153 354 3213 F
377 3151 487 3210 Haasii
519 3150 643 3210 adnotat
599 3149 767 3229 tationep.
791 3160 852 3214 162.
895 3152 963 3211 Nec
984 3149 1164 3210 incredibile
1189 3159 1245 3224 est,

129 3268 252 3341 praeter
273 3267 360 3318 notas
384 3263 504 3319 volatilis
525 3264 556 3318 et
573 3259 711 3315 volaticus
728 3257 892 3316 formast
862 3257 953 3345 etiam
975 3256 1096 3317 tertiam
1118 3259 1247 3330 colabilis

130 3387 168 3426 ex
169 3366 284 3426 titisse:
315 3366 370 3426 sed
393 3385 453 3446 quo
471 3362 563 3424 valde
584 3360 693 3435 Nonii,
722 3362 796 3421 lieet
784 3335 948 3442 tduplex‚
972 3370 1033 3422 test
1034 3363 1179 3422 imonium
1200 3363 1244 3420 in·

130 3475 281 3552 fringitur,
301 3473 360 3532 hoc
384 3480 440 3545 est,
464 3470 555 3552 quod,
575 3469 601 3528 si
623 3470 705 3549 optio
729 3476 794 3528 erat
816 3474 936 3529 volatilis
957 3470 1036 3529 inter
1056 3476 1087 3528 et
1107 3473 1245 3540 volubilis,

129 3591 232 3642 nostro
256 3581 325 3640 loco
350 3577 471 3639 nonnisi
496 3576 572 3635 illud
600 3576 785 3635 conveniens
809 3575 879 3637 fuit:
916 3596 986 3635 nam
1013 3582 1047 3633 ut
1074 3573 1142 3634 avis
1160 3582 1244 3634 recte

131 3688 191 3747 dici
212 3687 311 3748 bestia
329 3685 470 3747 volubilis
489 3684 629 3764 possiti
619 3691 662 3741 ιι
684 3703 803 3757 cervus,
827 3704 887 3765 quo
907 3685 972 3744 eius
986 3681 1137 3743 velocitas
1156 3683 1244 3742 sffer-

129 3801 223 3867 retur‚
245 3792 378 3871 volatilis
397 3801 463 3852 tant
463 3812 515 3851 urn
533 3792 638 3851 vocari
658 3792 767 3871 potuit.

214 3900 401 3976 Fragmenta
421 3899 475 3959 VI.
497 3899 570 3958 VH
593 3897 673 3959 VIII
695 3897 735 3956 ad
756 3896 923 3956 Herculem
943 3847 1055 3969 refero,
1076 3914 1169 3974 quem
1190 3915 1244 3954 no·

130 4005 245 4065 ιιιιιιιιι
262 4004 299 4063 fr
320 4005 383 4065 VH
403 4005 503 4084 hydra
521 4005 663 4064 Lernaea
685 4012 716 4063 et
737 4003 830 4063 draco
852 4002 1059 4082 Hesperidum
1081 4002 1246 4079 designant

132 4121 247 4190 aperte.
291 4113 375 4188 Ergo
397 4117 534 4184 venator,
557 4130 617 4192 quo
640 4128 726 4170 suam
748 4117 843 4170 artem
855 4107 903 4174 ,ab
925 4107 1098 4168 inutilitatis
1119 4109 1245 4168 crimine

131 4216 276 4290 vindicet,
293 4215 436 4276 Herculis
452 4218 608 4277 fructuosa
624 4218 755 4277 humano
770 4215 875 4293 generi
892 4216 976 4275 facta
989 4216 1123 4290 asciscit,
1140 4237 1243 4297 quem-

132 4323 293 4383 admodum
315 4344 407 4404 supra
428 4324 591 4383 venatione
614 4323 764 4400 Meleagri
788 4323 927 4383 insuam
948 4320 1066 4402 partem
1089 4344 1162 4383 usus
1187 4332 1244 4382 est.
