<?xml version="1.0" encoding="UTF-8"?>
<!DOCTYPE html PUBLIC "-//W3C//DTD XHTML 1.0 Transitional//EN"
    "http://www.w3.org/TR/xhtml1/DTD/xhtml1-transitional.dtd">
<html xmlns="http://www.w3.org/1999/xhtml" xml:lang="en" lang="en">
 <head>
  <title>
</title>
<meta http-equiv="Content-Type" content="text/html;charset=utf-8" />
  <meta name='ocr-system' content='tesseract 3.04.00' />
  <meta name='ocr-capabilities' content='ocr_page ocr_carea ocr_par ocr_line ocrx_word'/>
</head>
<body>
  <div class='ocr_page' id='page_1' title='image "./ioannisvahlenii00vahlgoog_0192.png"; bbox 0 0 2760 4890; ppageno 0'>
   <div class='ocr_carea' id='block_1_1' title="bbox 529 310 1218 374">
    <p class='ocr_par' dir='ltr' id='par_1_1' title="bbox 529 310 1218 374">
     <span class='ocr_line' id='line_1_1' title="bbox 529 310 1218 374; baseline 0.007 -5"><span class='ocrx_word' id='word_1_1' title='bbox 529 320 786 369; x_wconf 78' lang='lat' dir='ltr'><strong><em>oomncrauun.</em></strong></span> <span class='ocrx_word' id='word_1_2' title='bbox 1158 310 1218 374; x_wconf 82' lang='lat'><strong><em>179</em></strong></span> 
     </span>
    </p>
   </div>
   <div class='ocr_carea' id='block_1_2' title="bbox 11 476 1245 1622">
    <p class='ocr_par' dir='ltr' id='par_1_2' title="bbox 187 476 1183 558">
     <span class='ocr_line' id='line_1_2' title="bbox 187 476 1183 558; baseline -0.001 -18"><span class='ocrx_word' id='word_1_3' title='bbox 187 480 270 540; x_wconf 88' lang='lat' dir='ltr'>XIII</span> <span class='ocrx_word' id='word_1_4' title='bbox 293 476 353 558; x_wconf 82' lang='lat'>(17)</span> <span class='ocrx_word' id='word_1_5' title='bbox 376 481 555 553; x_wconf 57' lang='lat' dir='ltr'><strong><em>Astaspes,</em></strong></span> <span class='ocrx_word' id='word_1_6' title='bbox 576 484 647 554; x_wconf 82' lang='lat' dir='ltr'><strong><em>quid</em></strong></span> <span class='ocrx_word' id='word_1_7' title='bbox 664 485 753 539; x_wconf 85' lang='lat' dir='ltr'><strong><em>miras</em></strong></span> <span class='ocrx_word' id='word_1_8' title='bbox 773 483 882 538; x_wconf 90' lang='lat' dir='ltr'><strong><em>animos</em></strong></span> <span class='ocrx_word' id='word_1_9' title='bbox 903 498 1011 538; x_wconf 92' lang='lat' dir='ltr'><strong><em>curare</em></strong></span> <span class='ocrx_word' id='word_1_10' title='bbox 1030 481 1183 554; x_wconf 80' lang='lat' dir='ltr'><strong><em>Serapim?</em></strong></span> 
     </span>
    </p>

    <p class='ocr_par' dir='ltr' id='par_1_3' title="bbox 11 564 1245 1622">
     <span class='ocr_line' id='line_1_3' title="bbox 315 564 1216 662; baseline 0.002 -18"><span class='ocrx_word' id='word_1_11' title='bbox 315 646 317 651; x_wconf 77' lang='grc'>,</span> <span class='ocrx_word' id='word_1_12' title='bbox 375 589 412 644; x_wconf 84' lang='grc' dir='ltr'><strong><em>Β.</em></strong></span> <span class='ocrx_word' id='word_1_13' title='bbox 435 587 528 656; x_wconf 81' lang='lat' dir='ltr'><strong><em>Quid?</em></strong></span> <span class='ocrx_word' id='word_1_14' title='bbox 555 590 641 662; x_wconf 80' lang='lat' dir='ltr'><strong><em>quasi</em></strong></span> <span class='ocrx_word' id='word_1_15' title='bbox 660 606 717 646; x_wconf 88' lang='lat' dir='ltr'><strong><em>nan</em></strong></span> <span class='ocrx_word' id='word_1_16' title='bbox 733 593 815 644; x_wconf 86' lang='lat' dir='ltr'><strong><em>curet</em></strong></span> <span class='ocrx_word' id='word_1_17' title='bbox 835 588 970 644; x_wconf 83' lang='lat' dir='ltr'><strong><em>tantidem</em></strong></span> <span class='ocrx_word' id='word_1_18' title='bbox 989 564 1150 646; x_wconf 80' lang='lat' dir='ltr'><strong><em>Arislolclis</em></strong></span> <span class='ocrx_word' id='word_1_19' title='bbox 1166 592 1216 646; x_wconf 86' lang='lat' dir='ltr'><strong><em>uis.</em></strong></span> 
     </span>
     <span class='ocr_line' id='line_1_4' title="bbox 97 692 1217 773; baseline -0.001 -20"><span class='ocrx_word' id='word_1_20' title='bbox 97 694 151 753; x_wconf 85' lang='lat' dir='ltr'><strong><em>Fr.</em></strong></span> <span class='ocrx_word' id='word_1_21' title='bbox 173 693 208 752; x_wconf 86' lang='lat' dir='ltr'>X</span> <span class='ocrx_word' id='word_1_22' title='bbox 236 712 297 773; x_wconf 86' lang='lat' dir='ltr'><strong><em>quo</em></strong></span> <span class='ocrx_word' id='word_1_23' title='bbox 320 693 524 753; x_wconf 82' lang='lat' dir='ltr'>illustraretur</span> <span class='ocrx_word' id='word_1_24' title='bbox 542 693 680 773; x_wconf 86' lang='lat' dir='ltr'><strong><em>apposite</em></strong></span> <span class='ocrx_word' id='word_1_25' title='bbox 703 692 855 753; x_wconf 88' lang='lat' dir='ltr'><strong><em>Oehlerue</em></strong></span> <span class='ocrx_word' id='word_1_26' title='bbox 878 692 1035 754; x_wconf 77' lang='lat' dir='ltr'>Ciceronis</span> <span class='ocrx_word' id='word_1_27' title='bbox 1057 693 1156 754; x_wconf 88' lang='lat' dir='ltr'><strong><em>locum</em></strong></span> <span class='ocrx_word' id='word_1_28' title='bbox 1178 693 1217 752; x_wconf 88' lang='lat' dir='ltr'><strong><em>de</em></strong></span> 
     </span>
     <span class='ocr_line' id='line_1_5' title="bbox 11 798 1217 887; baseline -0.002 -25"><span class='ocrx_word' id='word_1_29' title='bbox 11 846 21 862; x_wconf 79' lang='lat'><strong><em>.</em></strong></span> <span class='ocrx_word' id='word_1_30' title='bbox 100 800 291 887; x_wconf 73' lang='lat' dir='ltr'><strong><em>diuinatione</em></strong></span> <span class='ocrx_word' id='word_1_31' title='bbox 315 798 410 873; x_wconf 78' lang='lat'>1159,</span> <span class='ocrx_word' id='word_1_32' title='bbox 434 808 485 862; x_wconf 71' lang='lat'><strong><em>123</em></strong></span> <span class='ocrx_word' id='word_1_33' title='bbox 506 798 622 857; x_wconf 88' lang='lat' dir='ltr'><strong><em>attulit:</em></strong></span> <span class='ocrx_word' id='word_1_34' title='bbox 654 800 710 868; x_wconf 83' lang='lat' dir='ltr'><strong><em>Qui</em></strong></span> <span class='ocrx_word' id='word_1_35' title='bbox 727 802 815 873; x_wconf 81' lang='lat' dir='ltr'><strong><em>ipitur</em></strong></span> <span class='ocrx_word' id='word_1_36' title='bbox 837 806 967 860; x_wconf 87' lang='lat' dir='ltr'><strong><em>conuenit</em></strong></span> <span class='ocrx_word' id='word_1_37' title='bbox 988 820 1091 878; x_wconf 82' lang='lat' dir='ltr'><strong><em>uepres</em></strong></span> <span class='ocrx_word' id='word_1_38' title='bbox 1113 823 1131 860; x_wconf 94' lang='lat' dir='ltr'><strong><em>a</em></strong></span> <span class='ocrx_word' id='word_1_39' title='bbox 1151 821 1217 860; x_wconf 86' lang='lat' dir='ltr'><strong><em>con·</em></strong></span> 
     </span>
     <span class='ocr_line' id='line_1_6' title="bbox 96 907 1217 981; baseline 0.005 -21"><span class='ocrx_word' id='word_1_40' title='bbox 96 907 205 966; x_wconf 88' lang='lat' dir='ltr'><strong><em>iectore</em></strong></span> <span class='ocrx_word' id='word_1_41' title='bbox 229 909 403 965; x_wconf 84' lang='lat' dir='ltr'><strong><em>somniorum</em></strong></span> <span class='ocrx_word' id='word_1_42' title='bbox 424 911 524 981; x_wconf 83' lang='lat' dir='ltr'><strong><em>potius</em></strong></span> <span class='ocrx_word' id='word_1_43' title='bbox 545 925 632 980; x_wconf 84' lang='lat' dir='ltr'><strong><em>paam</em></strong></span> <span class='ocrx_word' id='word_1_44' title='bbox 655 926 672 962; x_wconf 94' lang='lat' dir='ltr'><strong><em>a</em></strong></span> <span class='ocrx_word' id='word_1_45' title='bbox 697 909 804 964; x_wconf 84' lang='lat' dir='ltr'><strong><em>medico</em></strong></span> <span class='ocrx_word' id='word_1_46' title='bbox 828 918 928 981; x_wconf 85' lang='lat' dir='ltr'><strong><em>petere</em></strong></span> <span class='ocrx_word' id='word_1_47' title='bbox 949 912 1136 967; x_wconf 81' lang='lat' dir='ltr'><strong><em>medicinam?</em></strong></span> <span class='ocrx_word' id='word_1_48' title='bbox 1173 911 1217 966; x_wconf 85' lang='lat' dir='ltr'><strong><em>An</em></strong></span> 
     </span>
     <span class='ocr_line' id='line_1_7' title="bbox 98 1013 1216 1089; baseline 0.003 -19"><span class='ocrx_word' id='word_1_49' title='bbox 98 1015 291 1087; x_wconf 76' lang='lat' dir='ltr'><strong><em>Aesculapius</em></strong></span> <span class='ocrx_word' id='word_1_50' title='bbox 312 1034 350 1072; x_wconf 90' lang='lat' dir='ltr'><strong><em>un</em></strong></span> <span class='ocrx_word' id='word_1_51' title='bbox 372 1016 493 1088; x_wconf 89' lang='lat' dir='ltr'><strong><em>Serapis</em></strong></span> <span class='ocrx_word' id='word_1_52' title='bbox 511 1021 604 1088; x_wconf 90' lang='lat' dir='ltr'><strong><em>potest</em></strong></span> <span class='ocrx_word' id='word_1_53' title='bbox 626 1013 705 1069; x_wconf 83' lang='lat' dir='ltr'><strong><em>nobis</em></strong></span> <span class='ocrx_word' id='word_1_54' title='bbox 718 1018 922 1084; x_wconf 79' lang='lat' dir='ltr'><strong><em>praescribere</em></strong></span> <span class='ocrx_word' id='word_1_55' title='bbox 939 1034 996 1089; x_wconf 89' lang='lat' dir='ltr'><strong><em>per</em></strong></span> <span class='ocrx_word' id='word_1_56' title='bbox 1011 1019 1150 1073; x_wconf 90' lang='lat' dir='ltr'><strong><em>samnium</em></strong></span> <span class='ocrx_word' id='word_1_57' title='bbox 1166 1033 1216 1073; x_wconf 90' lang='lat' dir='ltr'><strong><em>cu-</em></strong></span> 
     </span>
     <span class='ocr_line' id='line_1_8' title="bbox 96 1118 1216 1196; baseline 0.004 -19"><span class='ocrx_word' id='word_1_58' title='bbox 96 1124 239 1179; x_wconf 87' lang='lat' dir='ltr'><strong><em>rationem</em></strong></span> <span class='ocrx_word' id='word_1_59' title='bbox 254 1124 432 1191; x_wconf 84' lang='lat' dir='ltr'><strong><em>ualetudinis,</em></strong></span> <span class='ocrx_word' id='word_1_60' title='bbox 456 1123 607 1196; x_wconf 81' lang='lat' dir='ltr'><strong><em>Neptunus</em></strong></span> <span class='ocrx_word' id='word_1_61' title='bbox 623 1120 848 1192; x_wconf 80' lang='lat' dir='ltr'><strong><em>palernarnibus</em></strong></span> <span class='ocrx_word' id='word_1_62' title='bbox 862 1141 918 1180; x_wconf 90' lang='lat' dir='ltr'><strong><em>non</em></strong></span> <span class='ocrx_word' id='word_1_63' title='bbox 930 1131 1044 1195; x_wconf 85' lang='lat' dir='ltr'><strong><em>potest?</em></strong></span> <span class='ocrx_word' id='word_1_64' title='bbox 1074 1118 1216 1182; x_wconf 79' lang='lat' dir='ltr'><strong><em>Ceterum</em></strong></span> 
     </span>
     <span class='ocr_line' id='line_1_9' title="bbox 98 1223 1215 1308; baseline 0.004 -22"><span class='ocrx_word' id='word_1_65' title='bbox 98 1225 172 1308; x_wconf 69' lang='lat' dir='ltr'><strong><em>vide</em></strong></span> <span class='ocrx_word' id='word_1_66' title='bbox 191 1246 266 1306; x_wconf 83' lang='lat' dir='ltr'><strong><em>qups</em></strong></span> <span class='ocrx_word' id='word_1_67' title='bbox 285 1248 377 1306; x_wconf 89' lang='lat' dir='ltr'><strong><em>supra</em></strong></span> <span class='ocrx_word' id='word_1_68' title='bbox 397 1247 428 1306; x_wconf 88' lang='lat' dir='ltr'><strong><em>p.</em></strong></span> <span class='ocrx_word' id='word_1_69' title='bbox 448 1236 496 1290; x_wconf 86' lang='lat'><strong><em>171</em></strong></span> <span class='ocrx_word' id='word_1_70' title='bbox 519 1226 558 1286; x_wconf 87' lang='lat' dir='ltr'><strong><em>de</em></strong></span> <span class='ocrx_word' id='word_1_71' title='bbox 581 1223 689 1285; x_wconf 85' lang='lat' dir='ltr'><strong><em>eadem</em></strong></span> <span class='ocrx_word' id='word_1_72' title='bbox 711 1245 744 1286; x_wconf 93' lang='lat' dir='ltr'><strong><em>re</em></strong></span> <span class='ocrx_word' id='word_1_73' title='bbox 764 1226 890 1289; x_wconf 88' lang='lat' dir='ltr'><strong><em>laudavi</em></strong></span> <span class='ocrx_word' id='word_1_74' title='bbox 911 1230 1013 1291; x_wconf 91' lang='lat' dir='ltr'><strong><em>libros.</em></strong></span> <span class='ocrx_word' id='word_1_75' title='bbox 1065 1233 1148 1290; x_wconf 86' lang='lat' dir='ltr'><strong><em>Vesci</em></strong></span> <span class='ocrx_word' id='word_1_76' title='bbox 1166 1250 1215 1290; x_wconf 87' lang='lat' dir='ltr'><strong><em>cu-</em></strong></span> 
     </span>
     <span class='ocr_line' id='line_1_10' title="bbox 98 1325 1214 1422; baseline 0.006 -30"><span class='ocrx_word' id='word_1_77' title='bbox 98 1337 207 1394; x_wconf 84' lang='lat' dir='ltr'><strong><em>minam</em></strong></span> <span class='ocrx_word' id='word_1_78' title='bbox 235 1336 368 1395; x_wconf 87' lang='lat' dir='ltr'><strong><em>correxit</em></strong></span> <span class='ocrx_word' id='word_1_79' title='bbox 394 1334 516 1395; x_wconf 91' lang='lat' dir='ltr'><strong><em>Iunius:</em></strong></span> <span class='ocrx_word' id='word_1_80' title='bbox 550 1335 730 1410; x_wconf 76' lang='lat' dir='ltr'><strong><em>fessiminam</em></strong></span> <span class='ocrx_word' id='word_1_81' title='bbox 756 1335 878 1396; x_wconf 89' lang='lat' dir='ltr'><strong><em>codices</em></strong></span> <span class='ocrx_word' id='word_1_82' title='bbox 907 1335 1001 1422; x_wconf 73' lang='lat' dir='ltr'><strong><em>Nonii</em></strong></span> <span class='ocrx_word' id='word_1_83' title='bbox 1029 1355 1059 1415; x_wconf 89' lang='lat' dir='ltr'><strong><em>p.</em></strong></span> <span class='ocrx_word' id='word_1_84' title='bbox 1082 1345 1147 1412; x_wconf 77' lang='lat'>201,</span> <span class='ocrx_word' id='word_1_85' title='bbox 1172 1325 1214 1399; x_wconf 80' lang='grc'><strong><em>10.</em></strong></span> 
     </span>
     <span class='ocr_line' id='line_1_11' title="bbox 98 1441 1215 1523; baseline 0.002 -23"><span class='ocrx_word' id='word_1_86' title='bbox 98 1442 150 1502; x_wconf 84' lang='lat' dir='ltr'><strong><em>Fr.</em></strong></span> <span class='ocrx_word' id='word_1_87' title='bbox 169 1442 333 1517; x_wconf 67' lang='lat' dir='ltr'><strong><em>XI‘iaquit</em></strong></span> <span class='ocrx_word' id='word_1_88' title='bbox 354 1463 397 1515; x_wconf 85' lang='lat' dir='ltr'><strong><em>ec.</em></strong></span> <span class='ocrx_word' id='word_1_89' title='bbox 422 1441 498 1503; x_wconf 90' lang='lat' dir='ltr'><strong><em>deus</em></strong></span> <span class='ocrx_word' id='word_1_90' title='bbox 519 1462 574 1523; x_wconf 90' lang='lat' dir='ltr'><strong><em>per</em></strong></span> <span class='ocrx_word' id='word_1_91' title='bbox 592 1442 737 1502; x_wconf 88' lang='lat' dir='ltr'><strong><em>somnium</em></strong></span> <span class='ocrx_word' id='word_1_92' title='bbox 759 1445 852 1507; x_wconf 87' lang='lat' dir='ltr'><strong><em>visus.</em></strong></span> <span class='ocrx_word' id='word_1_93' title='bbox 895 1445 956 1506; x_wconf 89' lang='lat' dir='ltr'><strong><em>Pro</em></strong></span> <span class='ocrx_word' id='word_1_94' title='bbox 978 1447 1118 1503; x_wconf 79' lang='lat' dir='ltr'><strong><em>noluerim</em></strong></span> <span class='ocrx_word' id='word_1_95' title='bbox 1135 1444 1215 1502; x_wconf 90' lang='lat' dir='ltr'><strong><em>Mer·</em></strong></span> 
     </span>
     <span class='ocr_line' id='line_1_12' title="bbox 100 1536 1245 1622; baseline 0.001 -14"><span class='ocrx_word' id='word_1_96' title='bbox 100 1569 188 1610; x_wconf 87' lang='lat' dir='ltr'><strong><em>cerus</em></strong></span> <span class='ocrx_word' id='word_1_97' title='bbox 221 1552 348 1608; x_wconf 85' lang='lat' dir='ltr'><strong><em>nolueris</em></strong></span> <span class='ocrx_word' id='word_1_98' title='bbox 376 1550 524 1622; x_wconf 87' lang='lat' dir='ltr'><strong><em>malebat,</em></strong></span> <span class='ocrx_word' id='word_1_99' title='bbox 562 1552 664 1608; x_wconf 72' lang='lat' dir='ltr'><strong><em>‘recte</em></strong></span> <span class='ocrx_word' id='word_1_100' title='bbox 693 1549 840 1612; x_wconf 87' lang='lat' dir='ltr'><strong><em>fortasse&#39;</em></strong></span> <span class='ocrx_word' id='word_1_101' title='bbox 867 1560 901 1611; x_wconf 90' lang='lat' dir='ltr'><strong><em>ut</em></strong></span> <span class='ocrx_word' id='word_1_102' title='bbox 932 1551 1024 1612; x_wconf 87' lang='lat' dir='ltr'><strong><em>sentit</em></strong></span> <span class='ocrx_word' id='word_1_103' title='bbox 1054 1548 1213 1611; x_wconf 86' lang='lat' dir='ltr'><strong><em>Oehlerus.</em></strong></span> <span class='ocrx_word' id='word_1_104' title='bbox 1243 1536 1245 1543; x_wconf 44' lang='lat'><strong>¹</strong></span> 
     </span>
    </p>
   </div>
   <div class='ocr_carea' id='block_1_3' title="bbox 50 1652 1214 2388">
    <p class='ocr_par' dir='ltr' id='par_1_4' title="bbox 50 1652 1214 2388">
     <span class='ocr_line' id='line_1_13' title="bbox 99 1652 1214 1734; baseline -0.001 -18"><span class='ocrx_word' id='word_1_105' title='bbox 99 1652 216 1716; x_wconf 87' lang='lat' dir='ltr'><strong><em>Videor</em></strong></span> <span class='ocrx_word' id='word_1_106' title='bbox 236 1655 310 1715; x_wconf 90' lang='lat' dir='ltr'><strong><em>mihi</em></strong></span> <span class='ocrx_word' id='word_1_107' title='bbox 325 1659 464 1714; x_wconf 82' lang='lat' dir='ltr'><strong><em>noluerim</em></strong></span> <span class='ocrx_word' id='word_1_108' title='bbox 481 1655 639 1715; x_wconf 87' lang='lat' dir='ltr'><strong><em>vindicare</em></strong></span> <span class='ocrx_word' id='word_1_109' title='bbox 655 1677 762 1734; x_wconf 88' lang='lat' dir='ltr'><strong><em>posse:</em></strong></span> <span class='ocrx_word' id='word_1_110' title='bbox 782 1678 840 1723; x_wconf 85' lang='lat' dir='ltr'><strong><em>nec</em></strong></span> <span class='ocrx_word' id='word_1_111' title='bbox 859 1658 940 1719; x_wconf 90' lang='lat' dir='ltr'><strong><em>enim</em></strong></span> <span class='ocrx_word' id='word_1_112' title='bbox 955 1668 1005 1733; x_wconf 80' lang='lat' dir='ltr'><strong><em>qui</em></strong></span> <span class='ocrx_word' id='word_1_113' title='bbox 1030 1692 1050 1700; x_wconf 87' lang='lat'><em>-</em></span> <span class='ocrx_word' id='word_1_114' title='bbox 1075 1662 1214 1717; x_wconf 87' lang='lat' dir='ltr'><strong><em>noluerim</em></strong></span> 
     </span>
     <span class='ocr_line' id='line_1_14' title="bbox 80 1761 1213 1841; baseline 0.003 -20"><span class='ocrx_word' id='word_1_115' title='bbox 80 1761 347 1841; x_wconf 81' lang='lat' dir='ltr'><strong><em>&#39;coniungendam</em></strong></span> <span class='ocrx_word' id='word_1_116' title='bbox 367 1783 433 1823; x_wconf 90' lang='lat' dir='ltr'><strong><em>cum</em></strong></span> <span class='ocrx_word' id='word_1_117' title='bbox 453 1768 558 1835; x_wconf 77' lang='lat' dir='ltr'><strong><em>labeo,</em></strong></span> <span class='ocrx_word' id='word_1_118' title='bbox 587 1764 641 1824; x_wconf 89' lang='lat' dir='ltr'><strong><em>sed</em></strong></span> <span class='ocrx_word' id='word_1_119' title='bbox 666 1766 814 1826; x_wconf 91' lang='lat' dir='ltr'><strong><em>cumillis</em></strong></span> <span class='ocrx_word' id='word_1_120' title='bbox 836 1769 871 1824; x_wconf 87' lang='lat' dir='ltr'><strong><em>cle</em></strong></span> <span class='ocrx_word' id='word_1_121' title='bbox 893 1774 920 1823; x_wconf 90' lang='lat' dir='ltr'><strong><em>te</em></strong></span> <span class='ocrx_word' id='word_1_122' title='bbox 939 1763 998 1824; x_wconf 89' lang='lat' dir='ltr'><strong><em>hoc</em></strong></span> <span class='ocrx_word' id='word_1_123' title='bbox 1021 1765 1086 1826; x_wconf 87' lang='lat' dir='ltr'><strong><em>fere</em></strong></span> <span class='ocrx_word' id='word_1_124' title='bbox 1108 1765 1213 1824; x_wconf 90' lang='lat' dir='ltr'><strong><em>modo:</em></strong></span> 
     </span>
     <span class='ocr_line' id='line_1_15' title="bbox 97 1872 1213 1947; baseline 0.004 -21"><span class='ocrx_word' id='word_1_125' title='bbox 97 1887 175 1927; x_wconf 87' lang='lat' dir='ltr'><strong><em>nunc</em></strong></span> <span class='ocrx_word' id='word_1_126' title='bbox 197 1872 232 1927; x_wconf 83' lang='lat' dir='ltr'><strong><em>de</em></strong></span> <span class='ocrx_word' id='word_1_127' title='bbox 250 1879 275 1931; x_wconf 87' lang='lat' dir='ltr'><strong><em>le</em></strong></span> <span class='ocrx_word' id='word_1_128' title='bbox 298 1874 492 1930; x_wconf 88' lang='lat' dir='ltr'><strong><em>meliusculam</em></strong></span> <span class='ocrx_word' id='word_1_129' title='bbox 513 1890 594 1946; x_wconf 86' lang='lat' dir='ltr'><strong><em>spera</em></strong></span> <span class='ocrx_word' id='word_1_130' title='bbox 613 1875 703 1931; x_wconf 85' lang='lat' dir='ltr'><strong><em>babeo</em></strong></span> <span class='ocrx_word' id='word_1_131' title='bbox 725 1877 793 1932; x_wconf 84' lang='lat' dir='ltr'><strong><em>dicit</em></strong></span> <span class='ocrx_word' id='word_1_132' title='bbox 815 1877 849 1932; x_wconf 87' lang='lat' dir='ltr'><strong><em>cle</em></strong></span> <span class='ocrx_word' id='word_1_133' title='bbox 872 1890 923 1942; x_wconf 91' lang='lat' dir='ltr'><strong><em>me,</em></strong></span> <span class='ocrx_word' id='word_1_134' title='bbox 945 1876 996 1946; x_wconf 80' lang='lat' dir='ltr'><strong><em>qui</em></strong></span> <span class='ocrx_word' id='word_1_135' title='bbox 1017 1873 1134 1947; x_wconf 88' lang='lat' dir='ltr'><strong><em>(quippe</em></strong></span> <span class='ocrx_word' id='word_1_136' title='bbox 1152 1877 1213 1947; x_wconf 78' lang='lat' dir='ltr'><strong><em>pai)</em></strong></span> 
     </span>
     <span class='ocr_line' id='line_1_16' title="bbox 96 1957 1213 2058; baseline 0.001 -24"><span class='ocrx_word' id='word_1_137' title='bbox 96 1981 314 2050; x_wconf 74' lang='lat' dir='ltr'><strong><em>spurcissimam</em></strong></span> <span class='ocrx_word' id='word_1_138' title='bbox 336 1997 395 2037; x_wconf 91' lang='lat' dir='ltr'><strong><em>rem</em></strong></span> <span class='ocrx_word' id='word_1_139' title='bbox 418 1986 536 2053; x_wconf 80' lang='lat' dir='ltr'><strong><em>pastore</em></strong></span> <span class='ocrx_word' id='word_1_140' title='bbox 559 1983 715 2044; x_wconf 88' lang='lat' dir='ltr'><strong><em>noluerim;</em></strong></span> <span class='ocrx_word' id='word_1_141' title='bbox 743 1999 854 2058; x_wconf 81' lang='lat' dir='ltr'><strong><em>nempe</em></strong></span> <span class='ocrx_word' id='word_1_142' title='bbox 877 2000 970 2039; x_wconf 85' lang='lat' dir='ltr'><strong><em>causa</em></strong></span> <span class='ocrx_word' id='word_1_143' title='bbox 993 1979 1058 2057; x_wconf 88' lang='lat' dir='ltr'><strong><em>spci</em></strong></span> <span class='ocrx_word' id='word_1_144' title='bbox 1080 1957 1213 2036; x_wconf 85' lang='lat' dir='ltr'><strong><em>melioris</em></strong></span> 
     </span>
     <span class='ocr_line' id='line_1_17' title="bbox 50 2083 1212 2167; baseline 0.001 -26"><span class='ocrx_word' id='word_1_145' title='bbox 50 2104 53 2114; x_wconf 67' lang='lat'><strong>¹</strong></span> <span class='ocrx_word' id='word_1_146' title='bbox 97 2103 159 2142; x_wconf 90' lang='lat' dir='ltr'><strong><em>non</em></strong></span> <span class='ocrx_word' id='word_1_147' title='bbox 179 2102 198 2142; x_wconf 89' lang='lat' dir='ltr'><strong><em>a</em></strong></span> <span class='ocrx_word' id='word_1_148' title='bbox 221 2083 295 2158; x_wconf 85' lang='lat' dir='ltr'><strong><em>deo,</em></strong></span> <span class='ocrx_word' id='word_1_149' title='bbox 316 2086 402 2149; x_wconf 89' lang='lat' dir='ltr'><strong><em>cuius</em></strong></span> <span class='ocrx_word' id='word_1_150' title='bbox 423 2085 518 2144; x_wconf 86' lang='lat' dir='ltr'><strong><em>verba</em></strong></span> <span class='ocrx_word' id='word_1_151' title='bbox 537 2086 722 2160; x_wconf 88' lang='lat' dir='ltr'><strong><em>referuntur,</em></strong></span> <span class='ocrx_word' id='word_1_152' title='bbox 746 2086 801 2147; x_wconf 87' lang='lat' dir='ltr'><strong><em>sed</em></strong></span> <span class='ocrx_word' id='word_1_153' title='bbox 824 2087 863 2146; x_wconf 91' lang='lat' dir='ltr'><strong><em>ab</em></strong></span> <span class='ocrx_word' id='word_1_154' title='bbox 885 2106 931 2160; x_wconf 88' lang='lat' dir='ltr'><strong><em>eo,</em></strong></span> <span class='ocrx_word' id='word_1_155' title='bbox 953 2085 1004 2167; x_wconf 90' lang='lat' dir='ltr'><strong><em>qni</em></strong></span> <span class='ocrx_word' id='word_1_156' title='bbox 1028 2083 1066 2142; x_wconf 89' lang='lat' dir='ltr'><strong><em>de</em></strong></span> <span class='ocrx_word' id='word_1_157' title='bbox 1087 2104 1120 2143; x_wconf 91' lang='lat' dir='ltr'><strong><em>se</em></strong></span> <span class='ocrx_word' id='word_1_158' title='bbox 1143 2103 1212 2142; x_wconf 92' lang='lat' dir='ltr'><strong><em>sua-</em></strong></span> 
     </span>
     <span class='ocr_line' id='line_1_18' title="bbox 98 2188 1213 2271; baseline -0.002 -22"><span class='ocrx_word' id='word_1_159' title='bbox 98 2211 158 2271; x_wconf 89' lang='lat' dir='ltr'><strong><em>que</em></strong></span> <span class='ocrx_word' id='word_1_160' title='bbox 181 2192 339 2252; x_wconf 83' lang='lat' dir='ltr'><strong><em>curatione</em></strong></span> <span class='ocrx_word' id='word_1_161' title='bbox 361 2200 477 2267; x_wconf 85' lang='lat' dir='ltr'><strong><em>narrat,</em></strong></span> <span class='ocrx_word' id='word_1_162' title='bbox 507 2191 673 2258; x_wconf 64' lang='lat' dir='ltr'><strong><em>adiicitur„</em></strong></span> <span class='ocrx_word' id='word_1_163' title='bbox 702 2195 755 2254; x_wconf 83' lang='lat' dir='ltr'><strong><em>Fr.</em></strong></span> <span class='ocrx_word' id='word_1_164' title='bbox 779 2193 844 2252; x_wconf 90' lang='lat' dir='ltr'><strong><em>XII</em></strong></span> <span class='ocrx_word' id='word_1_165' title='bbox 868 2192 958 2252; x_wconf 90' lang='lat' dir='ltr'><strong><em>etiam</em></strong></span> <span class='ocrx_word' id='word_1_166' title='bbox 979 2191 1034 2269; x_wconf 87' lang='lat' dir='ltr'><strong><em>per</em></strong></span> <span class='ocrx_word' id='word_1_167' title='bbox 1054 2188 1213 2268; x_wconf 83' lang='lat' dir='ltr'><strong><em>abruptam</em></strong></span> 
     </span>
     <span class='ocr_line' id='line_1_19' title="bbox 96 2296 1213 2388; baseline -0.002 -33"><span class='ocrx_word' id='word_1_168' title='bbox 96 2296 281 2358; x_wconf 86' lang='lat' dir='ltr'><strong><em>sententiam</em></strong></span> <span class='ocrx_word' id='word_1_169' title='bbox 301 2297 645 2388; x_wconf 37' lang='lat' dir='ltr'><strong><em>dispiciam-castigari</em></strong></span> <span class='ocrx_word' id='word_1_170' title='bbox 668 2299 859 2361; x_wconf 85' lang='lat' dir='ltr'><strong><em>sacerdotum</em></strong></span> <span class='ocrx_word' id='word_1_171' title='bbox 882 2297 1039 2377; x_wconf 80' lang='lat' dir='ltr'><strong><em>Serapidis</em></strong></span> <span class='ocrx_word' id='word_1_172' title='bbox 1059 2297 1213 2355; x_wconf 86' lang='lat' dir='ltr'><strong><em>fallaciam</em></strong></span> 
     </span>
    </p>
   </div>
   <div class='ocr_carea' id='block_1_4' title="bbox 93 2403 1213 2914">
    <p class='ocr_par' dir='ltr' id='par_1_5' title="bbox 93 2403 1213 2914">
     <span class='ocr_line' id='line_1_20' title="bbox 97 2403 1211 2488; baseline -0.002 -26"><span class='ocrx_word' id='word_1_173' title='bbox 97 2404 325 2478; x_wconf 70' lang='lat' dir='ltr'><strong><em>elevandam,</em></strong></span> <span class='ocrx_word' id='word_1_174' title='bbox 356 2405 408 2484; x_wconf 88' lang='lat' dir='ltr'><strong><em>qui</em></strong></span> <span class='ocrx_word' id='word_1_175' title='bbox 428 2404 569 2467; x_wconf 85' lang='lat' dir='ltr'><strong><em>credulos</em></strong></span> <span class='ocrx_word' id='word_1_176' title='bbox 592 2409 680 2482; x_wconf 83' lang='lat' dir='ltr'><strong><em>istos,</em></strong></span> <span class='ocrx_word' id='word_1_177' title='bbox 708 2409 761 2488; x_wconf 91' lang='lat' dir='ltr'><strong><em>qui</em></strong></span> <span class='ocrx_word' id='word_1_178' title='bbox 783 2428 816 2467; x_wconf 88' lang='lat' dir='ltr'><strong><em>se</em></strong></span> <span class='ocrx_word' id='word_1_179' title='bbox 841 2405 938 2466; x_wconf 88' lang='lat' dir='ltr'><strong><em>curari</em></strong></span> <span class='ocrx_word' id='word_1_180' title='bbox 959 2425 978 2464; x_wconf 93' lang='lat' dir='ltr'><strong><em>a</em></strong></span> <span class='ocrx_word' id='word_1_181' title='bbox 1000 2403 1058 2464; x_wconf 89' lang='lat' dir='ltr'><strong><em>deo</em></strong></span> <span class='ocrx_word' id='word_1_182' title='bbox 1079 2404 1211 2481; x_wconf 89' lang='lat' dir='ltr'><strong><em>cupiant,</em></strong></span> 
     </span>
     <span class='ocr_line' id='line_1_21' title="bbox 94 2509 1213 2595; baseline 0 -28"><span class='ocrx_word' id='word_1_183' title='bbox 94 2509 226 2569; x_wconf 86' lang='lat' dir='ltr'><strong><em>nummis</em></strong></span> <span class='ocrx_word' id='word_1_184' title='bbox 258 2509 394 2570; x_wconf 84' lang='lat' dir='ltr'><strong><em>eludant.</em></strong></span> <span class='ocrx_word' id='word_1_185' title='bbox 435 2524 559 2587; x_wconf 88' lang='lat' dir='ltr'><strong><em>prccant</em></strong></span> <span class='ocrx_word' id='word_1_186' title='bbox 590 2535 632 2573; x_wconf 91' lang='lat' dir='ltr'><strong><em>sc.</em></strong></span> <span class='ocrx_word' id='word_1_187' title='bbox 671 2517 724 2595; x_wconf 89' lang='lat' dir='ltr'><strong><em>qui</em></strong></span> <span class='ocrx_word' id='word_1_188' title='bbox 752 2536 785 2576; x_wconf 88' lang='lat' dir='ltr'><strong><em>se</em></strong></span> <span class='ocrx_word' id='word_1_189' title='bbox 813 2513 915 2576; x_wconf 87' lang='lat' dir='ltr'><strong><em>sanari</em></strong></span> <span class='ocrx_word' id='word_1_190' title='bbox 946 2511 1065 2571; x_wconf 82' lang='lat' dir='ltr'><strong><em>volunt:</em></strong></span> <span class='ocrx_word' id='word_1_191' title='bbox 1102 2509 1213 2588; x_wconf 85' lang='lat' dir='ltr'><strong><em>scripsi</em></strong></span> 
     </span>
     <span class='ocr_line' id='line_1_22' title="bbox 95 2615 1211 2698; baseline 0.001 -24"><span class='ocrx_word' id='word_1_192' title='bbox 95 2624 199 2675; x_wconf 87' lang='lat' dir='ltr'><strong><em>autem</em></strong></span> <span class='ocrx_word' id='word_1_193' title='bbox 221 2615 323 2675; x_wconf 86' lang='lat' dir='ltr'><strong><em>activa</em></strong></span> <span class='ocrx_word' id='word_1_194' title='bbox 345 2617 441 2677; x_wconf 84' lang='lat' dir='ltr'><strong><em>forma</em></strong></span> <span class='ocrx_word' id='word_1_195' title='bbox 459 2629 592 2694; x_wconf 88' lang='lat' dir='ltr'><strong><em>precant,</em></strong></span> <span class='ocrx_word' id='word_1_196' title='bbox 616 2641 683 2681; x_wconf 91' lang='lat' dir='ltr'><strong><em>cum</em></strong></span> <span class='ocrx_word' id='word_1_197' title='bbox 706 2622 827 2683; x_wconf 89' lang='lat' dir='ltr'><strong><em>codices</em></strong></span> <span class='ocrx_word' id='word_1_198' title='bbox 849 2619 943 2680; x_wconf 89' lang='lat' dir='ltr'><strong><em>Nonii</em></strong></span> <span class='ocrx_word' id='word_1_199' title='bbox 964 2639 993 2698; x_wconf 93' lang='lat' dir='ltr'><strong><em>p.</em></strong></span> <span class='ocrx_word' id='word_1_200' title='bbox 1010 2627 1071 2691; x_wconf 79' lang='lat'>480,</span> <span class='ocrx_word' id='word_1_201' title='bbox 1093 2625 1129 2680; x_wconf 80' lang='lat'><strong><em>26</em></strong></span> <span class='ocrx_word' id='word_1_202' title='bbox 1150 2626 1211 2675; x_wconf 89' lang='lat' dir='ltr'><strong><em>tam</em></strong></span> 
     </span>
     <span class='ocr_line' id='line_1_23' title="bbox 94 2721 1210 2806; baseline 0 -24"><span class='ocrx_word' id='word_1_203' title='bbox 94 2723 126 2782; x_wconf 90' lang='lat' dir='ltr'><strong><em>iu</em></strong></span> <span class='ocrx_word' id='word_1_204' title='bbox 155 2722 297 2782; x_wconf 88' lang='lat' dir='ltr'><strong><em>lemmate</em></strong></span> <span class='ocrx_word' id='word_1_205' title='bbox 326 2744 416 2804; x_wconf 90' lang='lat' dir='ltr'><strong><em>quam</em></strong></span> <span class='ocrx_word' id='word_1_206' title='bbox 445 2729 477 2786; x_wconf 93' lang='lat' dir='ltr'><strong><em>in</em></strong></span> <span class='ocrx_word' id='word_1_207' title='bbox 506 2728 647 2806; x_wconf 82' lang='lat' dir='ltr'><strong><em>exemplo</em></strong></span> <span class='ocrx_word' id='word_1_208' title='bbox 677 2721 820 2789; x_wconf 88' lang='lat' dir='ltr'><strong><em>Varronis</em></strong></span> <span class='ocrx_word' id='word_1_209' title='bbox 840 2733 1005 2803; x_wconf 87' lang='lat' dir='ltr'><strong><em>precantur</em></strong></span> <span class='ocrx_word' id='word_1_210' title='bbox 1028 2723 1210 2785; x_wconf 83' lang='lat' dir='ltr'><strong><em>exhibeant:</em></strong></span> 
     </span>
     <span class='ocr_line' id='line_1_24' title="bbox 93 2826 1211 2914; baseline 0 -26"><span class='ocrx_word' id='word_1_211' title='bbox 93 2826 267 2908; x_wconf 87' lang='lat' dir='ltr'><strong><em>quodcum</em></strong></span> <span class='ocrx_word' id='word_1_212' title='bbox 288 2850 350 2892; x_wconf 88' lang='lat' dir='ltr'><strong><em>non</em></strong></span> <span class='ocrx_word' id='word_1_213' title='bbox 370 2832 469 2911; x_wconf 81' lang='lat' dir='ltr'><strong><em>possit</em></strong></span> <span class='ocrx_word' id='word_1_214' title='bbox 490 2835 522 2892; x_wconf 94' lang='lat' dir='ltr'><strong><em>in</em></strong></span> <span class='ocrx_word' id='word_1_215' title='bbox 546 2854 583 2892; x_wconf 88' lang='lat' dir='ltr'><strong><em>ea</em></strong></span> <span class='ocrx_word' id='word_1_216' title='bbox 605 2836 758 2895; x_wconf 89' lang='lat' dir='ltr'><strong><em>sententia</em></strong></span> <span class='ocrx_word' id='word_1_217' title='bbox 778 2836 903 2914; x_wconf 86' lang='lat' dir='ltr'><strong><em>passive</em></strong></span> <span class='ocrx_word' id='word_1_218' title='bbox 925 2832 1033 2912; x_wconf 89' lang='lat' dir='ltr'><strong><em>accipi,</em></strong></span> <span class='ocrx_word' id='word_1_219' title='bbox 1063 2828 1211 2890; x_wconf 85' lang='lat' dir='ltr'><strong><em>credibile</em></strong></span> 
     </span>
    </p>
   </div>
   <div class='ocr_carea' id='block_1_5' title="bbox 94 2935 1324 3027">
    <p class='ocr_par' dir='ltr' id='par_1_6' title="bbox 94 2935 1324 3027">
     <span class='ocr_line' id='line_1_25' title="bbox 94 2935 1324 3027; baseline 0 -31"><span class='ocrx_word' id='word_1_220' title='bbox 94 2944 143 3027; x_wconf 77' lang='lat' dir='ltr'><strong><em>aet</em></strong></span> <span class='ocrx_word' id='word_1_221' title='bbox 164 2935 296 2996; x_wconf 87' lang='lat' dir='ltr'><strong><em>Nouium</em></strong></span> <span class='ocrx_word' id='word_1_222' title='bbox 330 2939 409 3000; x_wconf 89' lang='lat' dir='ltr'><strong><em>inter</em></strong></span> <span class='ocrx_word' id='word_1_223' title='bbox 435 2940 607 2999; x_wconf 71' lang='lat' dir='ltr'><strong><em>‘contraria</em></strong></span> <span class='ocrx_word' id='word_1_224' title='bbox 627 2960 743 3018; x_wconf 84' lang='lat' dir='ltr'><strong><em>genera</em></strong></span> <span class='ocrx_word' id='word_1_225' title='bbox 766 2941 955 3014; x_wconf 86' lang='lat' dir='ltr'><strong><em>verborum&#39;‚</em></strong></span> <span class='ocrx_word' id='word_1_226' title='bbox 988 2959 1069 3020; x_wconf 88' lang='lat' dir='ltr'><strong><em>quae</em></strong></span> <span class='ocrx_word' id='word_1_227' title='bbox 1097 2936 1141 2997; x_wconf 92' lang='lat' dir='ltr'><strong><em>ibi</em></strong></span> <span class='ocrx_word' id='word_1_228' title='bbox 1163 2957 1210 2996; x_wconf 90' lang='lat' dir='ltr'><strong><em>re·</em></strong></span> <span class='ocrx_word' id='word_1_229' title='bbox 1321 2956 1324 2964; x_wconf 61' lang='lat'><strong>¹</strong></span> 
     </span>
    </p>
   </div>
   <div class='ocr_carea' id='block_1_6' title="bbox 51 3045 1211 3767">
    <p class='ocr_par' dir='ltr' id='par_1_7' title="bbox 51 3045 1211 3767">
     <span class='ocr_line' id='line_1_26' title="bbox 94 3045 1210 3124; baseline 0.002 -22"><span class='ocrx_word' id='word_1_230' title='bbox 94 3051 221 3116; x_wconf 70' lang='lat' dir='ltr'><strong><em>censct5</em></strong></span> <span class='ocrx_word' id='word_1_231' title='bbox 245 3052 278 3102; x_wconf 89' lang='lat' dir='ltr'><strong><em>ut</em></strong></span> <span class='ocrx_word' id='word_1_232' title='bbox 304 3045 409 3124; x_wconf 91' lang='lat' dir='ltr'><strong><em>paullo</em></strong></span> <span class='ocrx_word' id='word_1_233' title='bbox 432 3054 503 3104; x_wconf 89' lang='lat' dir='ltr'><strong><em>ante</em></strong></span> <span class='ocrx_word' id='word_1_234' title='bbox 528 3066 567 3104; x_wconf 84' lang='lat' dir='ltr'><strong><em>ex</em></strong></span> <span class='ocrx_word' id='word_1_235' title='bbox 590 3046 697 3108; x_wconf 88' lang='lat' dir='ltr'><strong><em>eodem</em></strong></span> <span class='ocrx_word' id='word_1_236' title='bbox 722 3050 860 3110; x_wconf 88' lang='lat' dir='ltr'><strong><em>Varrone</em></strong></span> <span class='ocrx_word' id='word_1_237' title='bbox 884 3052 993 3106; x_wconf 86' lang='lat' dir='ltr'><strong><em>mirare</em></strong></span> <span class='ocrx_word' id='word_1_238' title='bbox 1016 3046 1131 3119; x_wconf 85' lang='lat' dir='ltr'><strong><em>attulit,</em></strong></span> <span class='ocrx_word' id='word_1_239' title='bbox 1166 3047 1210 3104; x_wconf 91' lang='lat' dir='ltr'><strong><em>sic</em></strong></span> 
     </span>
     <span class='ocr_line' id='line_1_27' title="bbox 91 3151 1209 3233; baseline -0.001 -24"><span class='ocrx_word' id='word_1_240' title='bbox 91 3151 151 3210; x_wconf 86' lang='lat' dir='ltr'><strong><em>hoc</em></strong></span> <span class='ocrx_word' id='word_1_241' title='bbox 179 3151 248 3210; x_wconf 88' lang='lat' dir='ltr'><strong><em>loco</em></strong></span> <span class='ocrx_word' id='word_1_242' title='bbox 273 3151 407 3209; x_wconf 78' lang='lat' dir='ltr'><strong><em>aelirum</em></strong></span> <span class='ocrx_word' id='word_1_243' title='bbox 429 3170 558 3226; x_wconf 90' lang='lat' dir='ltr'><strong><em>precare</em></strong></span> <span class='ocrx_word' id='word_1_244' title='bbox 576 3153 729 3231; x_wconf 87' lang='lat' dir='ltr'><strong><em>posuisse,</em></strong></span> <span class='ocrx_word' id='word_1_245' title='bbox 751 3175 812 3233; x_wconf 89' lang='lat' dir='ltr'><strong><em>qua</em></strong></span> <span class='ocrx_word' id='word_1_246' title='bbox 833 3155 931 3213; x_wconf 88' lang='lat' dir='ltr'><strong><em>forma</em></strong></span> <span class='ocrx_word' id='word_1_247' title='bbox 949 3170 1019 3214; x_wconf 88' lang='lat' dir='ltr'><strong><em>usos</em></strong></span> <span class='ocrx_word' id='word_1_248' title='bbox 1043 3171 1110 3211; x_wconf 87' lang='lat' dir='ltr'><strong><em>esse</em></strong></span> <span class='ocrx_word' id='word_1_249' title='bbox 1133 3153 1209 3209; x_wconf 90' lang='lat' dir='ltr'><strong><em>anti-</em></strong></span> 
     </span>
     <span class='ocr_line' id='line_1_28' title="bbox 51 3251 1208 3338; baseline -0.001 -22"><span class='ocrx_word' id='word_1_250' title='bbox 51 3251 59 3263; x_wconf 63' lang='lat'>⁸</span> <span class='ocrx_word' id='word_1_251' title='bbox 93 3278 170 3338; x_wconf 86' lang='lat' dir='ltr'><strong><em>quoe</em></strong></span> <span class='ocrx_word' id='word_1_252' title='bbox 190 3257 367 3318; x_wconf 81' lang='lat' dir='ltr'><strong><em>Priscianus</em></strong></span> <span class='ocrx_word' id='word_1_253' title='bbox 390 3278 421 3337; x_wconf 87' lang='lat' dir='ltr'><strong><em>p.</em></strong></span> <span class='ocrx_word' id='word_1_254' title='bbox 442 3268 495 3323; x_wconf 85' lang='grc'><strong><em>779</em></strong></span> <span class='ocrx_word' id='word_1_255' title='bbox 514 3258 650 3319; x_wconf 87' lang='lat' dir='ltr'><strong><em>tradidit.</em></strong></span> <span class='ocrx_word' id='word_1_256' title='bbox 696 3266 835 3319; x_wconf 79' lang='lat' dir='ltr'><strong><em>medicina</em></strong></span> <span class='ocrx_word' id='word_1_257' title='bbox 860 3270 926 3318; x_wconf 88' lang='lat' dir='ltr'><strong><em>utor</em></strong></span> <span class='ocrx_word' id='word_1_258' title='bbox 947 3262 991 3321; x_wconf 88' lang='lat' dir='ltr'><strong><em>sic</em></strong></span> <span class='ocrx_word' id='word_1_259' title='bbox 1016 3257 1135 3318; x_wconf 86' lang='lat' dir='ltr'><strong><em>videtur</em></strong></span> <span class='ocrx_word' id='word_1_260' title='bbox 1159 3278 1208 3316; x_wconf 91' lang='lat' dir='ltr'><strong><em>ac·</em></strong></span> 
     </span>
     <span class='ocr_line' id='line_1_29' title="bbox 92 3361 1211 3444; baseline -0.001 -22"><span class='ocrx_word' id='word_1_261' title='bbox 92 3361 279 3444; x_wconf 89' lang='lat' dir='ltr'><strong><em>cipiendum,</em></strong></span> <span class='ocrx_word' id='word_1_262' title='bbox 303 3372 416 3423; x_wconf 89' lang='lat' dir='ltr'><strong><em>utnon</em></strong></span> <span class='ocrx_word' id='word_1_263' title='bbox 438 3363 531 3424; x_wconf 87' lang='lat' dir='ltr'><strong><em>distet</em></strong></span> <span class='ocrx_word' id='word_1_264' title='bbox 550 3365 588 3424; x_wconf 89' lang='lat' dir='ltr'><strong><em>ab</em></strong></span> <span class='ocrx_word' id='word_1_265' title='bbox 612 3367 658 3425; x_wconf 91' lang='lat' dir='ltr'><strong><em>his</em></strong></span> <span class='ocrx_word' id='word_1_266' title='bbox 680 3371 790 3442; x_wconf 79' lang='lat' dir='ltr'><strong><em>iudipeo</em></strong></span> <span class='ocrx_word' id='word_1_267' title='bbox 814 3370 962 3435; x_wconf 83' lang='lat' dir='ltr'><strong><em>medicina,</em></strong></span> <span class='ocrx_word' id='word_1_268' title='bbox 986 3368 1055 3424; x_wconf 80' lang='lat' dir='ltr'><strong><em>mili</em></strong></span> <span class='ocrx_word' id='word_1_269' title='bbox 1073 3383 1146 3439; x_wconf 90' lang='lat' dir='ltr'><strong><em>opas</em></strong></span> <span class='ocrx_word' id='word_1_270' title='bbox 1167 3372 1211 3422; x_wconf 87' lang='lat' dir='ltr'><strong><em>est</em></strong></span> 
     </span>
     <span class='ocr_line' id='line_1_30' title="bbox 91 3470 1209 3554; baseline 0.003 -25"><span class='ocrx_word' id='word_1_271' title='bbox 91 3473 244 3530; x_wconf 85' lang='lat' dir='ltr'><strong><em>medicina.</em></strong></span> <span class='ocrx_word' id='word_1_272' title='bbox 295 3471 365 3530; x_wconf 89' lang='lat' dir='ltr'><strong><em>Non</em></strong></span> <span class='ocrx_word' id='word_1_273' title='bbox 402 3470 542 3532; x_wconf 88' lang='lat' dir='ltr'><strong><em>absimile</em></strong></span> <span class='ocrx_word' id='word_1_274' title='bbox 577 3482 649 3550; x_wconf 89' lang='lat' dir='ltr'><strong><em>puto</em></strong></span> <span class='ocrx_word' id='word_1_275' title='bbox 685 3474 858 3534; x_wconf 88' lang='lat' dir='ltr'><strong><em>Plautinum</em></strong></span> <span class='ocrx_word' id='word_1_276' title='bbox 895 3475 927 3533; x_wconf 90' lang='lat' dir='ltr'><strong><em>in</em></strong></span> <span class='ocrx_word' id='word_1_277' title='bbox 955 3473 1131 3532; x_wconf 84' lang='lat' dir='ltr'><strong><em>Trinummo</em></strong></span> <span class='ocrx_word' id='word_1_278' title='bbox 1158 3480 1209 3554; x_wconf 73' lang='lat'><strong><em>258</em></strong></span> 
     </span>
     <span class='ocr_line' id='line_1_31' title="bbox 80 3574 1207 3655; baseline -0.003 -18"><span class='ocrx_word' id='word_1_279' title='bbox 80 3576 141 3655; x_wconf 85' lang='lat'><strong><em>.(11</em></strong></span> <span class='ocrx_word' id='word_1_280' title='bbox 164 3588 190 3652; x_wconf 82' lang='lat'><strong><em>1,</em></strong></span> <span class='ocrx_word' id='word_1_281' title='bbox 212 3574 260 3654; x_wconf 77' lang='lat'><strong><em>26)</em></strong></span> <span class='ocrx_word' id='word_1_282' title='bbox 281 3579 380 3654; x_wconf 79' lang='lat' dir='ltr'><strong><em>Apope</em></strong></span> <span class='ocrx_word' id='word_1_283' title='bbox 403 3598 500 3650; x_wconf 91' lang='lat' dir='ltr'><strong><em>amor,</em></strong></span> <span class='ocrx_word' id='word_1_284' title='bbox 523 3599 580 3638; x_wconf 86' lang='lat' dir='ltr'><strong><em>rran</em></strong></span> <span class='ocrx_word' id='word_1_285' title='bbox 597 3585 713 3653; x_wconf 89' lang='lat' dir='ltr'><strong><em>places:</em></strong></span> <span class='ocrx_word' id='word_1_286' title='bbox 744 3585 830 3640; x_wconf 81' lang='lat' dir='ltr'><strong><em>alltc</em></strong></span> <span class='ocrx_word' id='word_1_287' title='bbox 852 3589 933 3644; x_wconf 86' lang='lat' dir='ltr'><strong><em>utor;</em></strong></span> <span class='ocrx_word' id='word_1_288' title='bbox 957 3587 987 3639; x_wconf 89' lang='lat' dir='ltr'><strong><em>et</em></strong></span> <span class='ocrx_word' id='word_1_289' title='bbox 1007 3595 1207 3642; x_wconf 82' lang='lat' dir='ltr'><strong><em>usus.nomcn</em></strong></span> 
     </span>
     <span class='ocr_line' id='line_1_32' title="bbox 91 3685 1207 3767; baseline -0.003 -22"><span class='ocrx_word' id='word_1_290' title='bbox 91 3685 219 3763; x_wconf 88' lang='lat' dir='ltr'><strong><em>saepius</em></strong></span> <span class='ocrx_word' id='word_1_291' title='bbox 240 3695 401 3765; x_wconf 83' lang='lat' dir='ltr'><strong><em>usurpatur</em></strong></span> <span class='ocrx_word' id='word_1_292' title='bbox 422 3707 477 3765; x_wconf 90' lang='lat' dir='ltr'><strong><em>pro</em></strong></span> <span class='ocrx_word' id='word_1_293' title='bbox 499 3707 535 3746; x_wconf 92' lang='lat' dir='ltr'><strong><em>eo</em></strong></span> <span class='ocrx_word' id='word_1_294' title='bbox 558 3685 639 3767; x_wconf 89' lang='lat' dir='ltr'><strong><em>quod</em></strong></span> <span class='ocrx_word' id='word_1_295' title='bbox 662 3696 707 3746; x_wconf 88' lang='lat' dir='ltr'><strong><em>est</em></strong></span> <span class='ocrx_word' id='word_1_296' title='bbox 730 3705 809 3762; x_wconf 91' lang='lat' dir='ltr'><strong><em>opus.</em></strong></span> <span class='ocrx_word' id='word_1_297' title='bbox 850 3689 986 3745; x_wconf 84' lang='lat' dir='ltr'><strong><em>scribtum</em></strong></span> <span class='ocrx_word' id='word_1_298' title='bbox 1010 3685 1132 3745; x_wconf 88' lang='lat' dir='ltr'><strong><em>codices</em></strong></span> <span class='ocrx_word' id='word_1_299' title='bbox 1156 3704 1207 3743; x_wconf 84' lang='lat' dir='ltr'><strong><em>ex·</em></strong></span> 
     </span>
    </p>
   </div>
   <div class='ocr_carea' id='block_1_7' title="bbox 92 3783 1321 3874">
    <p class='ocr_par' dir='ltr' id='par_1_8' title="bbox 92 3783 1321 3874">
     <span class='ocr_line' id='line_1_33' title="bbox 92 3783 1321 3874; baseline 0 -24"><span class='ocrx_word' id='word_1_300' title='bbox 92 3797 184 3870; x_wconf 78' lang='lat' dir='ltr'><strong><em>cepto</em></strong></span> <span class='ocrx_word' id='word_1_301' title='bbox 204 3789 310 3851; x_wconf 89' lang='lat' dir='ltr'><strong><em>Bamb.</em></strong></span> <span class='ocrx_word' id='word_1_302' title='bbox 350 3791 495 3874; x_wconf 87' lang='lat' dir='ltr'><strong><em>Denique</em></strong></span> <span class='ocrx_word' id='word_1_303' title='bbox 519 3799 593 3853; x_wconf 69' lang='grc' dir='ltr'><strong><em>Θεωι</em></strong></span> <span class='ocrx_word' id='word_1_304' title='bbox 618 3803 672 3853; x_wconf 78' lang='lat' dir='ltr'><strong><em>Hm</em></strong></span> <span class='ocrx_word' id='word_1_305' title='bbox 695 3792 822 3854; x_wconf 89' lang='lat' dir='ltr'><strong><em>Oehleri</em></strong></span> <span class='ocrx_word' id='word_1_306' title='bbox 848 3795 1024 3853; x_wconf 84' lang='lat' dir='ltr'><strong><em>coniectura</em></strong></span> <span class='ocrx_word' id='word_1_307' title='bbox 1046 3802 1107 3853; x_wconf 83' lang='lat' dir='ltr'><strong><em>est:</em></strong></span> <span class='ocrx_word' id='word_1_308' title='bbox 1137 3792 1207 3851; x_wconf 88' lang='lat' dir='ltr'><strong><em>libri</em></strong></span> <span class='ocrx_word' id='word_1_309' title='bbox 1316 3783 1321 3792; x_wconf 77' lang='grc'><strong>’</strong></span> 
     </span>
    </p>
   </div>
   <div class='ocr_carea' id='block_1_8' title="bbox 90 3896 1247 4306">
    <p class='ocr_par' dir='ltr' id='par_1_9' title="bbox 90 3896 1247 4306">
     <span class='ocr_line' id='line_1_34' title="bbox 91 3896 1205 3985; baseline 0.003 -29"><span class='ocrx_word' id='word_1_310' title='bbox 91 3900 157 3957; x_wconf 79' lang='lat' dir='ltr'><strong><em>tlrea</em></strong></span> <span class='ocrx_word' id='word_1_311' title='bbox 182 3900 264 3956; x_wconf 79' lang='lat' dir='ltr'><strong><em>bera.</em></strong></span> <span class='ocrx_word' id='word_1_312' title='bbox 300 3896 381 3958; x_wconf 87' lang='lat' dir='ltr'><strong><em>Vide</em></strong></span> <span class='ocrx_word' id='word_1_313' title='bbox 404 3897 443 3985; x_wconf 76' lang='lat' dir='ltr'><strong><em>de</em></strong></span> <span class='ocrx_word' id='word_1_314' title='bbox 466 3921 504 3960; x_wconf 91' lang='lat' dir='ltr'><strong><em>ea</em></strong></span> <span class='ocrx_word' id='word_1_315' title='bbox 524 3902 721 3981; x_wconf 85' lang='lat' dir='ltr'><strong><em>inscriptione</em></strong></span> <span class='ocrx_word' id='word_1_316' title='bbox 742 3899 897 3978; x_wconf 89' lang='lat' dir='ltr'><strong><em>Delphica</em></strong></span> <span class='ocrx_word' id='word_1_317' title='bbox 919 3897 1081 3978; x_wconf 82' lang='lat' dir='ltr'><strong><em>Gottlingii</em></strong></span> <span class='ocrx_word' id='word_1_318' title='bbox 1104 3900 1205 3979; x_wconf 90' lang='lat' dir='ltr'><strong><em>dispu-</em></strong></span> 
     </span>
     <span class='ocr_line' id='line_1_35' title="bbox 92 3992 1205 4087; baseline 0.003 -23"><span class='ocrx_word' id='word_1_319' title='bbox 92 4005 240 4065; x_wconf 83' lang='lat' dir='ltr'><strong><em>tationem</em></strong></span> <span class='ocrx_word' id='word_1_320' title='bbox 266 4005 415 4078; x_wconf 81' lang='lat' dir='ltr'><strong><em>(Bericlrte</em></strong></span> <span class='ocrx_word' id='word_1_321' title='bbox 446 4010 473 4065; x_wconf 81' lang='lat' dir='ltr'><strong><em>al.</em></strong></span> <span class='ocrx_word' id='word_1_322' title='bbox 503 4011 598 4067; x_wconf 72' lang='lat' dir='ltr'><strong><em>siclos.</em></strong></span> <span class='ocrx_word' id='word_1_323' title='bbox 630 4012 693 4068; x_wconf 81' lang='lat' dir='ltr'><strong><em>Ges.</em></strong></span> <span class='ocrx_word' id='word_1_324' title='bbox 722 4012 749 4067; x_wconf 82' lang='lat' dir='ltr'><strong><em>d.</em></strong></span> <span class='ocrx_word' id='word_1_325' title='bbox 786 4009 869 4066; x_wconf 86' lang='lat' dir='ltr'><strong><em>Wiss.</em></strong></span> <span class='ocrx_word' id='word_1_326' title='bbox 893 3992 1110 4087; x_wconf 56' lang='grc'>1847113118).</span> <span class='ocrx_word' id='word_1_327' title='bbox 1155 4008 1205 4067; x_wconf 85' lang='lat' dir='ltr'><strong><em>Fr.</em></strong></span> 
     </span>
     <span class='ocr_line' id='line_1_36' title="bbox 90 4110 1205 4205; baseline 0.001 -34"><span class='ocrx_word' id='word_1_328' title='bbox 90 4110 176 4171; x_wconf 84' lang='lat' dir='ltr'>XIII</span> <span class='ocrx_word' id='word_1_329' title='bbox 197 4129 305 4171; x_wconf 80' lang='lat' dir='ltr'><strong><em>versus</em></strong></span> <span class='ocrx_word' id='word_1_330' title='bbox 328 4110 403 4171; x_wconf 89' lang='lat' dir='ltr'><strong><em>dune</em></strong></span> <span class='ocrx_word' id='word_1_331' title='bbox 424 4113 468 4172; x_wconf 89' lang='lat' dir='ltr'><strong><em>ita</em></strong></span> <span class='ocrx_word' id='word_1_332' title='bbox 489 4112 652 4189; x_wconf 84' lang='lat' dir='ltr'><strong><em>distribuo,</em></strong></span> <span class='ocrx_word' id='word_1_333' title='bbox 674 4124 707 4174; x_wconf 87' lang='lat' dir='ltr'><strong><em>ut</em></strong></span> <span class='ocrx_word' id='word_1_334' title='bbox 724 4115 827 4205; x_wconf 69' lang='lat' dir='ltr'><strong><em>priore</em></strong></span> <span class='ocrx_word' id='word_1_335' title='bbox 850 4114 1063 4173; x_wconf 89' lang='lat' dir='ltr'><strong><em>calumniatori</em></strong></span> <span class='ocrx_word' id='word_1_336' title='bbox 1083 4114 1205 4192; x_wconf 82' lang='lat' dir='ltr'><strong><em>Serapi·</em></strong></span> 
     </span>
     <span class='ocr_line' id='line_1_37' title="bbox 92 4196 1247 4306; baseline -0.002 -31"><span class='ocrx_word' id='word_1_337' title='bbox 92 4215 139 4277; x_wconf 79' lang='lat' dir='ltr'><strong><em>dia</em></strong></span> <span class='ocrx_word' id='word_1_338' title='bbox 170 4215 283 4277; x_wconf 88' lang='lat' dir='ltr'><strong><em>medici</em></strong></span> <span class='ocrx_word' id='word_1_339' title='bbox 314 4227 457 4296; x_wconf 81' lang='lat' dir='ltr'><strong><em>aegrotus</em></strong></span> <span class='ocrx_word' id='word_1_340' title='bbox 483 4221 684 4300; x_wconf 88' lang='lat' dir='ltr'><strong><em>respondeat:</em></strong></span> <span class='ocrx_word' id='word_1_341' title='bbox 718 4196 796 4280; x_wconf 75' lang='lat' dir='ltr'><strong><em>alter</em></strong></span> <span class='ocrx_word' id='word_1_342' title='bbox 828 4221 939 4299; x_wconf 90' lang='lat' dir='ltr'><strong><em>hospiti</em></strong></span> <span class='ocrx_word' id='word_1_343' title='bbox 969 4218 1144 4279; x_wconf 85' lang='lat' dir='ltr'><strong><em>Aristotelis</em></strong></span> <span class='ocrx_word' id='word_1_344' title='bbox 1176 4226 1207 4274; x_wconf 85' lang='lat' dir='ltr'><strong><em>et</em></strong></span> <span class='ocrx_word' id='word_1_345' title='bbox 1243 4298 1247 4306; x_wconf 79' lang='lat'><em>,</em></span> 
     </span>
    </p>
   </div>
   <div class='ocr_carea' id='block_1_9' title="bbox 90 4322 1208 4487">
    <p class='ocr_par' dir='ltr' id='par_1_10' title="bbox 90 4322 1208 4487">
     <span class='ocr_line' id='line_1_38' title="bbox 90 4322 1208 4410; baseline 0.002 -28"><span class='ocrx_word' id='word_1_346' title='bbox 90 4322 339 4404; x_wconf 86' lang='lat' dir='ltr'><strong><em>pbilosophorum</em></strong></span> <span class='ocrx_word' id='word_1_347' title='bbox 370 4345 472 4384; x_wconf 91' lang='lat' dir='ltr'><strong><em>curam</em></strong></span> <span class='ocrx_word' id='word_1_348' title='bbox 499 4347 572 4406; x_wconf 88' lang='lat' dir='ltr'><strong><em>prae</em></strong></span> <span class='ocrx_word' id='word_1_349' title='bbox 596 4325 745 4410; x_wconf 85' lang='lat' dir='ltr'><strong><em>Serapide</em></strong></span> <span class='ocrx_word' id='word_1_350' title='bbox 767 4327 987 4388; x_wconf 89' lang='lat' dir='ltr'><strong><em>commendanti</em></strong></span> <span class='ocrx_word' id='word_1_351' title='bbox 1008 4323 1208 4385; x_wconf 83' lang='lat' dir='ltr'><strong><em>adscribatur.</em></strong></span> 
     </span>
     <span class='ocr_line' id='line_1_39' title="bbox 939 4427 1003 4487; baseline 0 0"><span class='ocrx_word' id='word_1_352' title='bbox 939 4427 1003 4487; x_wconf 80' lang='lat'><strong><em>12*</em></strong></span> 
     </span>
    </p>
   </div>
   <div class='ocr_carea' id='block_1_10' title="bbox 0 0 1384 4890">
    <p class='ocr_par' dir='ltr' id='par_1_11' title="bbox 0 0 1384 4890">
     <span class='ocr_line' id='line_1_40' title="bbox 0 0 1384 4890; baseline 0 1"><span class='ocrx_word' id='word_1_353' title='bbox 0 0 1384 4890; x_wconf 95' lang='lat' dir='ltr'><strong><em> </em></strong></span> 
     </span>
    </p>
   </div>
  </div>
 </body>
</html>
