<?xml version="1.0" encoding="UTF-8"?>
<!DOCTYPE html PUBLIC "-//W3C//DTD XHTML 1.0 Transitional//EN"
    "http://www.w3.org/TR/xhtml1/DTD/xhtml1-transitional.dtd">
<html xmlns="http://www.w3.org/1999/xhtml" xml:lang="en" lang="en">
 <head>
  <title>
</title>
<meta http-equiv="Content-Type" content="text/html;charset=utf-8" />
  <meta name='ocr-system' content='tesseract 3.04.00' />
  <meta name='ocr-capabilities' content='ocr_page ocr_carea ocr_par ocr_line ocrx_word'/>
</head>
<body>
  <div class='ocr_page' id='page_1' title='image "./ioannisvahlenii00vahlgoog_0072.png"; bbox 0 0 2760 4890; ppageno 0'>
   <div class='ocr_carea' id='block_1_1' title="bbox 564 342 1251 404">
    <p class='ocr_par' dir='ltr' id='par_1_1' title="bbox 564 342 1251 404">
     <span class='ocr_line' id='line_1_1' title="bbox 564 342 1251 404; baseline -0.001 -7"><span class='ocrx_word' id='word_1_1' title='bbox 564 346 822 398; x_wconf 73' lang='lat' dir='ltr'>comeranus.</span> <span class='ocrx_word' id='word_1_2' title='bbox 1210 342 1251 404; x_wconf 81' lang='grc'>59</span> 
     </span>
    </p>
   </div>
   <div class='ocr_carea' id='block_1_2' title="bbox 73 490 1252 1454">
    <p class='ocr_par' dir='ltr' id='par_1_2' title="bbox 73 490 1252 1454">
     <span class='ocr_line' id='line_1_2' title="bbox 73 490 1252 590; baseline 0.012 -28"><span class='ocrx_word' id='word_1_3' title='bbox 73 490 81 502; x_wconf 70' lang='grc'><strong>”</strong></span> <span class='ocrx_word' id='word_1_4' title='bbox 135 514 195 563; x_wconf 85' lang='lat' dir='ltr'>tur.</span> <span class='ocrx_word' id='word_1_5' title='bbox 240 503 285 564; x_wconf 75' lang='lat' dir='ltr'>Aa</span> <span class='ocrx_word' id='word_1_6' title='bbox 308 507 341 565; x_wconf 88' lang='lat' dir='ltr'>in</span> <span class='ocrx_word' id='word_1_7' title='bbox 365 504 511 568; x_wconf 79' lang='lat' dir='ltr'><strong>Varronis</strong></span> <span class='ocrx_word' id='word_1_8' title='bbox 538 510 690 568; x_wconf 87' lang='lat' dir='ltr'>sententia</span> <span class='ocrx_word' id='word_1_9' title='bbox 713 511 849 588; x_wconf 87' lang='lat' dir='ltr'>proxime</span> <span class='ocrx_word' id='word_1_10' title='bbox 870 512 1042 590; x_wconf 89' lang='lat' dir='ltr'>appositum</span> <span class='ocrx_word' id='word_1_11' title='bbox 1062 515 1119 574; x_wconf 86' lang='lat' dir='ltr'>viri</span> <span class='ocrx_word' id='word_1_12' title='bbox 1142 535 1252 576; x_wconf 88' lang='lat' dir='ltr'>nomen</span> 
     </span>
     <span class='ocr_line' id='line_1_3' title="bbox 136 612 1251 699; baseline 0.009 -27"><span class='ocrx_word' id='word_1_13' title='bbox 136 612 281 674; x_wconf 88' lang='lat' dir='ltr'>videatur</span> <span class='ocrx_word' id='word_1_14' title='bbox 303 613 395 673; x_wconf 86' lang='lat' dir='ltr'>alicui</span> <span class='ocrx_word' id='word_1_15' title='bbox 417 613 475 674; x_wconf 93' lang='lat' dir='ltr'>hoc</span> <span class='ocrx_word' id='word_1_16' title='bbox 498 614 719 690; x_wconf 87' lang='lat' dir='ltr'>commendare,</span> <span class='ocrx_word' id='word_1_17' title='bbox 742 625 776 675; x_wconf 91' lang='lat' dir='ltr'>ut</span> <span class='ocrx_word' id='word_1_18' title='bbox 796 620 921 676; x_wconf 69' lang='lat' dir='ltr'>aii-alam</span> <span class='ocrx_word' id='word_1_19' title='bbox 942 617 973 681; x_wconf 91' lang='lat' dir='ltr'>h.</span> <span class='ocrx_word' id='word_1_20' title='bbox 990 638 1017 678; x_wconf 86' lang='lat' dir='ltr'>s.</span> <span class='ocrx_word' id='word_1_21' title='bbox 1033 619 1114 679; x_wconf 89' lang='lat' dir='ltr'>virili</span> <span class='ocrx_word' id='word_1_22' title='bbox 1129 620 1251 699; x_wconf 83' lang='lat' dir='ltr'>ingenio</span> 
     </span>
     <span class='ocr_line' id='line_1_4' title="bbox 135 719 1252 811; baseline 0.009 -32"><span class='ocrx_word' id='word_1_23' title='bbox 135 719 310 801; x_wconf 87' lang='lat' dir='ltr'>praeditum</span> <span class='ocrx_word' id='word_1_24' title='bbox 333 721 433 811; x_wconf 82' lang='lat' dir='ltr'>animo</span> <span class='ocrx_word' id='word_1_25' title='bbox 459 719 670 781; x_wconf 83' lang='lat' dir='ltr'><strong>informemus:</strong></span> <span class='ocrx_word' id='word_1_26' title='bbox 700 721 732 781; x_wconf 90' lang='lat' dir='ltr'>id</span> <span class='ocrx_word' id='word_1_27' title='bbox 753 723 835 803; x_wconf 90' lang='lat' dir='ltr'>quod</span> <span class='ocrx_word' id='word_1_28' title='bbox 858 732 928 805; x_wconf 89' lang='lat' dir='ltr'>post</span> <span class='ocrx_word' id='word_1_29' title='bbox 950 726 1025 785; x_wconf 89' lang='lat' dir='ltr'>alios</span> <span class='ocrx_word' id='word_1_30' title='bbox 1055 736 1177 788; x_wconf 89' lang='lat' dir='ltr'>secutus</span> <span class='ocrx_word' id='word_1_31' title='bbox 1205 737 1252 789; x_wconf 87' lang='lat' dir='ltr'>est</span> 
     </span>
     <span class='ocr_line' id='line_1_5' title="bbox 136 827 1250 914; baseline 0.004 -24"><span class='ocrx_word' id='word_1_32' title='bbox 136 827 307 904; x_wconf 84' lang='lat' dir='ltr'>Oehlarus&#39;,</span> <span class='ocrx_word' id='word_1_33' title='bbox 331 846 514 910; x_wconf 88' lang='lat' dir='ltr'>quamquam</span> <span class='ocrx_word' id='word_1_34' title='bbox 531 828 679 887; x_wconf 86' lang='lat' dir='ltr'>rationem</span> <span class='ocrx_word' id='word_1_35' title='bbox 701 830 765 888; x_wconf 88' lang='lat' dir='ltr'>eius</span> <span class='ocrx_word' id='word_1_36' title='bbox 787 829 976 889; x_wconf 89' lang='lat' dir='ltr'>aLuciliani</span> <span class='ocrx_word' id='word_1_37' title='bbox 998 833 1130 914; x_wconf 86' lang='lat' dir='ltr'>exempli</span> <span class='ocrx_word' id='word_1_38' title='bbox 1151 833 1250 895; x_wconf 89' lang='lat' dir='ltr'>diver·</span> 
     </span>
     <span class='ocr_line' id='line_1_6' title="bbox 134 933 1250 1018; baseline 0.004 -24"><span class='ocrx_word' id='word_1_39' title='bbox 134 933 229 995; x_wconf 85' lang='lat' dir='ltr'>sitate</span> <span class='ocrx_word' id='word_1_40' title='bbox 254 935 383 1015; x_wconf 87' lang='lat' dir='ltr'>petitam</span> <span class='ocrx_word' id='word_1_41' title='bbox 410 935 525 995; x_wconf 92' lang='lat' dir='ltr'>reiicio.</span> <span class='ocrx_word' id='word_1_42' title='bbox 575 934 624 994; x_wconf 81' lang='lat' dir='ltr'>Ea</span> <span class='ocrx_word' id='word_1_43' title='bbox 652 955 726 996; x_wconf 90' lang='lat' dir='ltr'>vero</span> <span class='ocrx_word' id='word_1_44' title='bbox 756 939 963 998; x_wconf 86' lang='lat' dir='ltr'>controversia</span> <span class='ocrx_word' id='word_1_45' title='bbox 993 957 1052 1018; x_wconf 87' lang='lat' dir='ltr'>quo</span> <span class='ocrx_word' id='word_1_46' title='bbox 1084 938 1250 1013; x_wconf 82' lang='lat' dir='ltr'>dirimatur,</span> 
     </span>
     <span class='ocr_line' id='line_1_7' title="bbox 132 1040 1250 1123; baseline 0.003 -22"><span class='ocrx_word' id='word_1_47' title='bbox 132 1040 208 1103; x_wconf 86' lang='lat' dir='ltr'>inde</span> <span class='ocrx_word' id='word_1_48' title='bbox 230 1040 399 1122; x_wconf 80' lang='lat' dir='ltr'>subsidium</span> <span class='ocrx_word' id='word_1_49' title='bbox 421 1041 555 1116; x_wconf 86' lang='lat' dir='ltr'>accedit,</span> <span class='ocrx_word' id='word_1_50' title='bbox 578 1040 661 1123; x_wconf 92' lang='lat' dir='ltr'>quod</span> <span class='ocrx_word' id='word_1_51' title='bbox 681 1041 819 1101; x_wconf 89' lang='lat' dir='ltr'>Kochius</span> <span class='ocrx_word' id='word_1_52' title='bbox 838 1043 869 1102; x_wconf 91' lang='lat' dir='ltr'>in</span> <span class='ocrx_word' id='word_1_53' title='bbox 892 1044 1037 1104; x_wconf 79' lang='lat' dir='ltr'>Varronis</span> <span class='ocrx_word' id='word_1_54' title='bbox 1054 1044 1156 1105; x_wconf 78' lang='lat' dir='ltr'>verbis</span> <span class='ocrx_word' id='word_1_55' title='bbox 1179 1045 1250 1105; x_wconf 88' lang='lat' dir='ltr'>dac·</span> 
     </span>
     <span class='ocr_line' id='line_1_8' title="bbox 88 1147 598 1231; baseline -0.008 -22"><span class='ocrx_word' id='word_1_56' title='bbox 88 1217 96 1231; x_wconf 34' lang='grc' dir='ltr'><strong>ο</strong></span> <span class='ocrx_word' id='word_1_57' title='bbox 132 1149 247 1230; x_wconf 83' lang='lat' dir='ltr'>tylicos</span> <span class='ocrx_word' id='word_1_58' title='bbox 268 1166 410 1209; x_wconf 85' lang='lat' dir='ltr'>numeros</span> <span class='ocrx_word' id='word_1_59' title='bbox 432 1147 598 1226; x_wconf 80' lang='lat' dir='ltr'>persensit:</span> 
     </span>
     <span class='ocr_line' id='line_1_9' title="bbox 741 1268 905 1349; baseline 0.012 -24"><span class='ocrx_word' id='word_1_60' title='bbox 741 1268 774 1325; x_wconf 84' lang='lat' dir='ltr'>Sl</span> <span class='ocrx_word' id='word_1_61' title='bbox 791 1286 848 1326; x_wconf 84' lang='lat' dir='ltr'>aaa</span> <span class='ocrx_word' id='word_1_62' title='bbox 901 1342 905 1349; x_wconf 31' lang='grc' dir='ltr'>Ι</span> 
     </span>
     <span class='ocr_line' id='line_1_10' title="bbox 288 1370 1034 1454; baseline 0.003 -22"><span class='ocrx_word' id='word_1_63' title='bbox 288 1372 372 1433; x_wconf 81' lang='lat' dir='ltr'>Mala</span> <span class='ocrx_word' id='word_1_64' title='bbox 393 1377 437 1433; x_wconf 84' lang='lat' dir='ltr'>air</span> <span class='ocrx_word' id='word_1_65' title='bbox 459 1377 568 1433; x_wconf 82' lang='lat' dir='ltr'>ciratus</span> <span class='ocrx_word' id='word_1_66' title='bbox 588 1370 839 1454; x_wconf 66' lang='lat' dir='ltr'>laberajumrem</span> <span class='ocrx_word' id='word_1_67' title='bbox 861 1377 1034 1434; x_wconf 79' lang='lat' dir='ltr'><em>Atalantam.</em></span> 
     </span>
    </p>
   </div>
   <div class='ocr_carea' id='block_1_3' title="bbox 84 1509 1248 2951">
    <p class='ocr_par' dir='ltr' id='par_1_3' title="bbox 84 1509 1248 2951">
     <span class='ocr_line' id='line_1_11' title="bbox 131 1509 1248 1593; baseline 0.003 -23"><span class='ocrx_word' id='word_1_68' title='bbox 131 1514 241 1571; x_wconf 74' lang='lat' dir='ltr'>hahere</span> <span class='ocrx_word' id='word_1_69' title='bbox 267 1527 391 1570; x_wconf 74' lang='lat' dir='ltr'>uxorem</span> <span class='ocrx_word' id='word_1_70' title='bbox 417 1511 513 1590; x_wconf 88' lang='lat' dir='ltr'>ipsius</span> <span class='ocrx_word' id='word_1_71' title='bbox 539 1511 768 1590; x_wconf 84' lang='lat' dir='ltr'>transpositioni</span> <span class='ocrx_word' id='word_1_72' title='bbox 796 1509 934 1572; x_wconf 88' lang='lat' dir='ltr'>debetur.</span> <span class='ocrx_word' id='word_1_73' title='bbox 979 1511 1099 1593; x_wconf 87' lang='lat' dir='ltr'>Nempe</span> <span class='ocrx_word' id='word_1_74' title='bbox 1119 1512 1178 1573; x_wconf 83' lang='lat' dir='ltr'>hac</span> <span class='ocrx_word' id='word_1_75' title='bbox 1201 1535 1248 1573; x_wconf 90' lang='lat' dir='ltr'>re·</span> 
     </span>
     <span class='ocr_line' id='line_1_12' title="bbox 132 1615 1248 1681; baseline 0.004 -4"><span class='ocrx_word' id='word_1_76' title='bbox 132 1616 322 1677; x_wconf 85' lang='lat' dir='ltr'>stauratione</span> <span class='ocrx_word' id='word_1_77' title='bbox 344 1615 482 1676; x_wconf 88' lang='lat' dir='ltr'>Kochius</span> <span class='ocrx_word' id='word_1_78' title='bbox 508 1623 539 1675; x_wconf 86' lang='lat' dir='ltr'>st</span> <span class='ocrx_word' id='word_1_79' title='bbox 568 1617 658 1675; x_wconf 84' lang='lat' dir='ltr'>viruli</span> <span class='ocrx_word' id='word_1_80' title='bbox 684 1636 795 1676; x_wconf 89' lang='lat' dir='ltr'>nomen</span> <span class='ocrx_word' id='word_1_81' title='bbox 819 1637 837 1675; x_wconf 89' lang='lat' dir='ltr'>a</span> <span class='ocrx_word' id='word_1_82' title='bbox 863 1618 928 1677; x_wconf 86' lang='lat' dir='ltr'>viro</span> <span class='ocrx_word' id='word_1_83' title='bbox 951 1625 982 1677; x_wconf 88' lang='lat' dir='ltr'>ct</span> <span class='ocrx_word' id='word_1_84' title='bbox 1003 1619 1144 1679; x_wconf 87' lang='lat' dir='ltr'>viriatum</span> <span class='ocrx_word' id='word_1_85' title='bbox 1165 1642 1184 1681; x_wconf 89' lang='lat' dir='ltr'>a</span> <span class='ocrx_word' id='word_1_86' title='bbox 1204 1622 1248 1681; x_wconf 88' lang='lat' dir='ltr'>vi·</span> 
     </span>
     <span class='ocr_line' id='line_1_13' title="bbox 130 1720 1247 1803; baseline 0.004 -19"><span class='ocrx_word' id='word_1_87' title='bbox 130 1722 216 1785; x_wconf 89' lang='lat' dir='ltr'>ribus</span> <span class='ocrx_word' id='word_1_88' title='bbox 239 1724 402 1803; x_wconf 84' lang='lat' dir='ltr'>repetitum</span> <span class='ocrx_word' id='word_1_89' title='bbox 424 1722 530 1782; x_wconf 82' lang='lat' dir='ltr'>statuit</span> <span class='ocrx_word' id='word_1_90' title='bbox 553 1720 686 1795; x_wconf 84' lang='lat' dir='ltr'>excludi,</span> <span class='ocrx_word' id='word_1_91' title='bbox 708 1722 826 1782; x_wconf 90' lang='lat' dir='ltr'>admitti</span> <span class='ocrx_word' id='word_1_92' title='bbox 848 1731 950 1782; x_wconf 87' lang='lat' dir='ltr'>autem</span> <span class='ocrx_word' id='word_1_93' title='bbox 972 1731 1003 1784; x_wconf 88' lang='lat' dir='ltr'>et</span> <span class='ocrx_word' id='word_1_94' title='bbox 1025 1727 1155 1786; x_wconf 80' lang='lat' dir='ltr'>virutum</span> <span class='ocrx_word' id='word_1_95' title='bbox 1170 1749 1189 1787; x_wconf 90' lang='lat' dir='ltr'>a</span> <span class='ocrx_word' id='word_1_96' title='bbox 1202 1730 1247 1789; x_wconf 89' lang='lat' dir='ltr'>vi·</span> 
     </span>
     <span class='ocr_line' id='line_1_14' title="bbox 132 1822 1248 1908; baseline 0.002 -17"><span class='ocrx_word' id='word_1_97' title='bbox 132 1828 216 1891; x_wconf 88' lang='lat' dir='ltr'>ribus</span> <span class='ocrx_word' id='word_1_98' title='bbox 237 1826 402 1889; x_wconf 90' lang='lat' dir='ltr'>deductum</span> <span class='ocrx_word' id='word_1_99' title='bbox 432 1836 463 1889; x_wconf 90' lang='lat' dir='ltr'>et</span> <span class='ocrx_word' id='word_1_100' title='bbox 486 1829 642 1902; x_wconf 84' lang='lat' dir='ltr'>viriatum,</span> <span class='ocrx_word' id='word_1_101' title='bbox 669 1827 750 1908; x_wconf 88' lang='lat' dir='ltr'>quod</span> <span class='ocrx_word' id='word_1_102' title='bbox 774 1837 820 1888; x_wconf 87' lang='lat' dir='ltr'>est</span> <span class='ocrx_word' id='word_1_103' title='bbox 842 1850 860 1887; x_wconf 88' lang='lat' dir='ltr'>a</span> <span class='ocrx_word' id='word_1_104' title='bbox 881 1830 976 1888; x_wconf 86' lang='lat' dir='ltr'>viriis.</span> <span class='ocrx_word' id='word_1_105' title='bbox 1021 1830 1064 1890; x_wconf 89' lang='lat' dir='ltr'>At</span> <span class='ocrx_word' id='word_1_106' title='bbox 1085 1822 1187 1892; x_wconf 84' lang='lat' dir='ltr'>lanian</span> <span class='ocrx_word' id='word_1_107' title='bbox 1209 1832 1248 1894; x_wconf 89' lang='lat' dir='ltr'>do</span> 
     </span>
     <span class='ocr_line' id='line_1_15' title="bbox 133 1933 1247 2019; baseline 0.004 -24"><span class='ocrx_word' id='word_1_108' title='bbox 133 1936 198 1997; x_wconf 86' lang='lat' dir='ltr'>eius</span> <span class='ocrx_word' id='word_1_109' title='bbox 219 1935 350 1995; x_wconf 85' lang='lat' dir='ltr'>veritate</span> <span class='ocrx_word' id='word_1_110' title='bbox 370 1933 569 1995; x_wconf 84' lang='lat' dir='ltr'>restitutionis</span> <span class='ocrx_word' id='word_1_111' title='bbox 591 1934 664 1994; x_wconf 90' lang='lat' dir='ltr'>mihi</span> <span class='ocrx_word' id='word_1_112' title='bbox 688 1936 862 2015; x_wconf 85' lang='lat' dir='ltr'>scrupulum</span> <span class='ocrx_word' id='word_1_113' title='bbox 885 1935 1025 2013; x_wconf 83' lang='lat' dir='ltr'>Scaliger</span> <span class='ocrx_word' id='word_1_114' title='bbox 1045 1936 1171 2012; x_wconf 84' lang='lat' dir='ltr'>addidit,</span> <span class='ocrx_word' id='word_1_115' title='bbox 1196 1941 1247 2019; x_wconf 91' lang='lat' dir='ltr'>qui</span> 
     </span>
     <span class='ocr_line' id='line_1_16' title="bbox 133 2022 1246 2123; baseline 0.001 -21"><span class='ocrx_word' id='word_1_116' title='bbox 133 2041 172 2102; x_wconf 90' lang='lat' dir='ltr'>ad</span> <span class='ocrx_word' id='word_1_117' title='bbox 192 2042 322 2121; x_wconf 71' lang='lat' dir='ltr'>Festum</span> <span class='ocrx_word' id='word_1_118' title='bbox 341 2060 366 2100; x_wconf 89' lang='lat' dir='ltr'>s.</span> <span class='ocrx_word' id='word_1_119' title='bbox 390 2060 420 2100; x_wconf 86' lang='lat' dir='ltr'>v.</span> <span class='ocrx_word' id='word_1_120' title='bbox 444 2022 554 2100; x_wconf 78' lang='lat' dir='ltr'>citatas</span> <span class='ocrx_word' id='word_1_121' title='bbox 570 2041 701 2101; x_wconf 89' lang='lat' dir='ltr'>Varroni</span> <span class='ocrx_word' id='word_1_122' title='bbox 720 2046 858 2101; x_wconf 78' lang='lat' dir='ltr'>atrociam</span> <span class='ocrx_word' id='word_1_123' title='bbox 887 2043 917 2104; x_wconf 88' lang='lat' dir='ltr'>h.</span> <span class='ocrx_word' id='word_1_124' title='bbox 942 2063 968 2102; x_wconf 91' lang='lat' dir='ltr'>e.</span> <span class='ocrx_word' id='word_1_125' title='bbox 997 2049 1031 2100; x_wconf 92' lang='lat' dir='ltr'>ut</span> <span class='ocrx_word' id='word_1_126' title='bbox 1058 2043 1126 2121; x_wconf 88' lang='lat' dir='ltr'>ipse</span> <span class='ocrx_word' id='word_1_127' title='bbox 1146 2044 1246 2123; x_wconf 83' lang='lat' dir='ltr'>expli-</span> 
     </span>
     <span class='ocr_line' id='line_1_17' title="bbox 84 2133 1245 2228; baseline -0.001 -19"><span class='ocrx_word' id='word_1_128' title='bbox 84 2168 90 2181; x_wconf 92' lang='lat'><strong>·</strong></span> <span class='ocrx_word' id='word_1_129' title='bbox 133 2156 183 2209; x_wconf 88' lang='lat' dir='ltr'>oat</span> <span class='ocrx_word' id='word_1_130' title='bbox 200 2133 394 2226; x_wconf 66' lang='grc' dir='ltr'><strong><em>ἀντιάνειραν</em></strong></span> <span class='ocrx_word' id='word_1_131' title='bbox 409 2146 554 2207; x_wconf 88' lang='lat' dir='ltr'>vindicat.</span> <span class='ocrx_word' id='word_1_132' title='bbox 589 2146 627 2207; x_wconf 91' lang='lat' dir='ltr'>Id</span> <span class='ocrx_word' id='word_1_133' title='bbox 650 2147 821 2228; x_wconf 88' lang='lat' dir='ltr'>quodcum</span> <span class='ocrx_word' id='word_1_134' title='bbox 842 2148 935 2208; x_wconf 86' lang='lat' dir='ltr'>Nonii</span> <span class='ocrx_word' id='word_1_135' title='bbox 955 2148 1100 2208; x_wconf 85' lang='lat' dir='ltr'>memoria</span> <span class='ocrx_word' id='word_1_136' title='bbox 1121 2148 1245 2208; x_wconf 86' lang='lat' dir='ltr'>adiuve-</span> 
     </span>
     <span class='ocr_line' id='line_1_18' title="bbox 132 2253 1245 2335; baseline 0.002 -22"><span class='ocrx_word' id='word_1_137' title='bbox 132 2263 189 2330; x_wconf 89' lang='lat' dir='ltr'>tur,</span> <span class='ocrx_word' id='word_1_138' title='bbox 212 2254 299 2313; x_wconf 87' lang='lat' dir='ltr'>cuius</span> <span class='ocrx_word' id='word_1_139' title='bbox 319 2254 351 2313; x_wconf 92' lang='lat' dir='ltr'>in</span> <span class='ocrx_word' id='word_1_140' title='bbox 368 2253 510 2313; x_wconf 89' lang='lat' dir='ltr'>lemmate</span> <span class='ocrx_word' id='word_1_141' title='bbox 530 2261 576 2313; x_wconf 88' lang='lat' dir='ltr'>est</span> <span class='ocrx_word' id='word_1_142' title='bbox 597 2259 722 2314; x_wconf 81' lang='lat' dir='ltr'>veroium</span> <span class='ocrx_word' id='word_1_143' title='bbox 746 2264 777 2314; x_wconf 89' lang='lat' dir='ltr'>et</span> <span class='ocrx_word' id='word_1_144' title='bbox 797 2255 829 2313; x_wconf 91' lang='lat' dir='ltr'>in</span> <span class='ocrx_word' id='word_1_145' title='bbox 848 2255 992 2316; x_wconf 87' lang='lat' dir='ltr'>Varronis</span> <span class='ocrx_word' id='word_1_146' title='bbox 1015 2255 1154 2335; x_wconf 84' lang='lat' dir='ltr'>exemplo</span> <span class='ocrx_word' id='word_1_147' title='bbox 1176 2256 1245 2315; x_wconf 86' lang='lat' dir='ltr'>Lei·</span> 
     </span>
     <span class='ocr_line' id='line_1_19' title="bbox 132 2357 1245 2442; baseline 0.002 -23"><span class='ocrx_word' id='word_1_148' title='bbox 132 2359 235 2421; x_wconf 85' lang='lat' dir='ltr'>densis</span> <span class='ocrx_word' id='word_1_149' title='bbox 257 2357 380 2441; x_wconf 87' lang='lat' dir='ltr'>quidem</span> <span class='ocrx_word' id='word_1_150' title='bbox 402 2364 554 2430; x_wconf 85' lang='lat' dir='ltr'>airaccias,</span> <span class='ocrx_word' id='word_1_151' title='bbox 576 2380 603 2417; x_wconf 92' lang='lat' dir='ltr'>m</span> <span class='ocrx_word' id='word_1_152' title='bbox 624 2379 717 2440; x_wconf 90' lang='lat' dir='ltr'>supra</span> <span class='ocrx_word' id='word_1_153' title='bbox 738 2380 753 2421; x_wconf 86' lang='lat' dir='ltr'>s</span> <span class='ocrx_word' id='word_1_154' title='bbox 775 2363 897 2442; x_wconf 88' lang='lat' dir='ltr'>scripto,</span> <span class='ocrx_word' id='word_1_155' title='bbox 922 2360 1053 2434; x_wconf 87' lang='lat' dir='ltr'>exhibet,</span> <span class='ocrx_word' id='word_1_156' title='bbox 1074 2369 1137 2421; x_wconf 89' lang='lat' dir='ltr'>tum</span> <span class='ocrx_word' id='word_1_157' title='bbox 1160 2363 1245 2422; x_wconf 84' lang='lat' dir='ltr'>lemi-</span> 
     </span>
     <span class='ocr_line' id='line_1_20' title="bbox 131 2464 1245 2548; baseline 0.003 -23"><span class='ocrx_word' id='word_1_158' title='bbox 131 2466 193 2526; x_wconf 90' lang='lat' dir='ltr'>nini</span> <span class='ocrx_word' id='word_1_159' title='bbox 216 2465 427 2539; x_wconf 82' lang='lat' dir='ltr'>accusativus,</span> <span class='ocrx_word' id='word_1_160' title='bbox 455 2467 508 2547; x_wconf 91' lang='lat' dir='ltr'>qui</span> <span class='ocrx_word' id='word_1_161' title='bbox 534 2485 574 2525; x_wconf 89' lang='lat' dir='ltr'>ue</span> <span class='ocrx_word' id='word_1_162' title='bbox 602 2464 737 2526; x_wconf 89' lang='lat' dir='ltr'>Oehlero</span> <span class='ocrx_word' id='word_1_163' title='bbox 759 2468 882 2548; x_wconf 90' lang='lat' dir='ltr'>quidem</span> <span class='ocrx_word' id='word_1_164' title='bbox 911 2466 1081 2547; x_wconf 79' lang='lat' dir='ltr'>displicuit,</span> <span class='ocrx_word' id='word_1_165' title='bbox 1111 2468 1245 2548; x_wconf 89' lang='lat' dir='ltr'>apprime</span> 
     </span>
     <span class='ocr_line' id='line_1_21' title="bbox 132 2550 1246 2655; baseline 0.006 -26"><span class='ocrx_word' id='word_1_166' title='bbox 132 2571 190 2632; x_wconf 89' lang='lat' dir='ltr'>loci</span> <span class='ocrx_word' id='word_1_167' title='bbox 210 2571 394 2632; x_wconf 87' lang='lat' dir='ltr'>sententiam</span> <span class='ocrx_word' id='word_1_168' title='bbox 417 2572 563 2632; x_wconf 89' lang='lat' dir='ltr'>illustrat:</span> <span class='ocrx_word' id='word_1_169' title='bbox 586 2581 619 2631; x_wconf 90' lang='lat' dir='ltr'>ut</span> <span class='ocrx_word' id='word_1_170' title='bbox 635 2573 700 2632; x_wconf 88' lang='lat' dir='ltr'>sive</span> <span class='ocrx_word' id='word_1_171' title='bbox 721 2550 808 2632; x_wconf 78' lang='lat' dir='ltr'>circili</span> <span class='ocrx_word' id='word_1_172' title='bbox 825 2575 891 2633; x_wconf 89' lang='lat' dir='ltr'>sive</span> <span class='ocrx_word' id='word_1_173' title='bbox 913 2578 1011 2632; x_wconf 82' lang='lat' dir='ltr'>viriati</span> <span class='ocrx_word' id='word_1_174' title='bbox 1029 2582 1140 2635; x_wconf 89' lang='lat' dir='ltr'>no&#39;men</span> <span class='ocrx_word' id='word_1_175' title='bbox 1164 2575 1246 2655; x_wconf 85' lang='lat' dir='ltr'>(nam</span> 
     </span>
     <span class='ocr_line' id='line_1_22' title="bbox 131 2676 1246 2762; baseline 0.004 -24"><span class='ocrx_word' id='word_1_176' title='bbox 131 2682 232 2738; x_wconf 81' lang='lat' dir='ltr'>airaaii</span> <span class='ocrx_word' id='word_1_177' title='bbox 251 2678 379 2737; x_wconf 82' lang='lat' dir='ltr'>formam</span> <span class='ocrx_word' id='word_1_178' title='bbox 396 2676 545 2754; x_wconf 82' lang='lat' dir='ltr'>Scaligeri</span> <span class='ocrx_word' id='word_1_179' title='bbox 565 2699 627 2737; x_wconf 89' lang='lat' dir='ltr'>uon</span> <span class='ocrx_word' id='word_1_180' title='bbox 645 2678 744 2738; x_wconf 83' lang='lat' dir='ltr'>habeo</span> <span class='ocrx_word' id='word_1_181' title='bbox 766 2681 818 2759; x_wconf 91' lang='lat' dir='ltr'>qui</span> <span class='ocrx_word' id='word_1_182' title='bbox 838 2679 936 2759; x_wconf 86' lang='lat' dir='ltr'>tuear)</span> <span class='ocrx_word' id='word_1_183' title='bbox 962 2681 1161 2762; x_wconf 86' lang='lat' dir='ltr'>approbatur,</span> <span class='ocrx_word' id='word_1_184' title='bbox 1187 2683 1246 2742; x_wconf 89' lang='lat' dir='ltr'>hoc</span> 
     </span>
     <span class='ocr_line' id='line_1_23' title="bbox 132 2782 1245 2867; baseline 0.005 -24"><span class='ocrx_word' id='word_1_185' title='bbox 132 2794 246 2844; x_wconf 88' lang='lat' dir='ltr'>certum</span> <span class='ocrx_word' id='word_1_186' title='bbox 273 2782 415 2845; x_wconf 85' lang='lat' dir='ltr'>videatur</span> <span class='ocrx_word' id='word_1_187' title='bbox 440 2784 527 2857; x_wconf 92' lang='lat' dir='ltr'>mihi,</span> <span class='ocrx_word' id='word_1_188' title='bbox 554 2805 615 2843; x_wconf 90' lang='lat' dir='ltr'>non</span> <span class='ocrx_word' id='word_1_189' title='bbox 643 2785 700 2842; x_wconf 89' lang='lat' dir='ltr'>viri</span> <span class='ocrx_word' id='word_1_190' title='bbox 727 2783 783 2844; x_wconf 90' lang='lat' dir='ltr'>sed</span> <span class='ocrx_word' id='word_1_191' title='bbox 811 2786 914 2844; x_wconf 87' lang='lat' dir='ltr'>uxoris</span> <span class='ocrx_word' id='word_1_192' title='bbox 942 2787 1055 2866; x_wconf 90' lang='lat' dir='ltr'>requiri</span> <span class='ocrx_word' id='word_1_193' title='bbox 1079 2788 1245 2867; x_wconf 86' lang='lat' dir='ltr'>epitheton.</span> 
     </span>
     <span class='ocr_line' id='line_1_24' title="bbox 132 2889 898 2951; baseline -0.003 0"><span class='ocrx_word' id='word_1_194' title='bbox 132 2890 222 2951; x_wconf 88' lang='lat' dir='ltr'>Unde</span> <span class='ocrx_word' id='word_1_195' title='bbox 243 2890 357 2951; x_wconf 88' lang='lat' dir='ltr'>Koohii</span> <span class='ocrx_word' id='word_1_196' title='bbox 380 2910 488 2950; x_wconf 88' lang='lat' dir='ltr'>versus</span> <span class='ocrx_word' id='word_1_197' title='bbox 509 2891 570 2949; x_wconf 86' lang='lat' dir='ltr'>iam</span> <span class='ocrx_word' id='word_1_198' title='bbox 594 2892 637 2950; x_wconf 90' lang='lat' dir='ltr'>sic</span> <span class='ocrx_word' id='word_1_199' title='bbox 660 2891 770 2949; x_wconf 90' lang='lat' dir='ltr'>mutari</span> <span class='ocrx_word' id='word_1_200' title='bbox 793 2889 898 2950; x_wconf 87' lang='lat' dir='ltr'>debet:</span> 
     </span>
    </p>
   </div>
   <div class='ocr_carea' id='block_1_4' title="bbox 131 3029 1242 3369">
    <p class='ocr_par' dir='ltr' id='par_1_4' title="bbox 131 3029 1242 3369">
     <span class='ocr_line' id='line_1_25' title="bbox 282 3029 1040 3087; baseline 0.001 -2"><span class='ocrx_word' id='word_1_201' title='bbox 282 3029 365 3085; x_wconf 81' lang='lat' dir='ltr'>Mala</span> <span class='ocrx_word' id='word_1_202' title='bbox 383 3031 427 3087; x_wconf 77' lang='grc' dir='ltr'>νίν</span> <span class='ocrx_word' id='word_1_203' title='bbox 449 3031 581 3086; x_wconf 82' lang='lat' dir='ltr'>airialam</span> <span class='ocrx_word' id='word_1_204' title='bbox 604 3030 710 3085; x_wconf 79' lang='lat' dir='ltr'>habere</span> <span class='ocrx_word' id='word_1_205' title='bbox 730 3045 852 3086; x_wconf 75' lang='lat' dir='ltr'>amoram</span> <span class='ocrx_word' id='word_1_206' title='bbox 874 3029 1040 3086; x_wconf 79' lang='lat' dir='ltr'>Atalantam</span> 
     </span>
     <span class='ocr_line' id='line_1_26' title="bbox 131 3161 1242 3244; baseline 0.004 -22"><span class='ocrx_word' id='word_1_207' title='bbox 131 3162 180 3223; x_wconf 81' lang='lat' dir='ltr'>uel</span> <span class='ocrx_word' id='word_1_208' title='bbox 200 3163 227 3224; x_wconf 88' lang='lat' dir='ltr'>si</span> <span class='ocrx_word' id='word_1_209' title='bbox 246 3162 342 3225; x_wconf 87' lang='lat' dir='ltr'>semel</span> <span class='ocrx_word' id='word_1_210' title='bbox 364 3161 531 3223; x_wconf 88' lang='lat' dir='ltr'>admittitur</span> <span class='ocrx_word' id='word_1_211' title='bbox 551 3163 666 3237; x_wconf 83' lang='lat' dir='ltr'>hiatus,</span> <span class='ocrx_word' id='word_1_212' title='bbox 697 3162 804 3223; x_wconf 88' lang='lat' dir='ltr'>eodem</span> <span class='ocrx_word' id='word_1_213' title='bbox 822 3163 887 3223; x_wconf 90' lang='lat' dir='ltr'>iure</span> <span class='ocrx_word' id='word_1_214' title='bbox 907 3164 972 3223; x_wconf 89' lang='lat' dir='ltr'>sine</span> <span class='ocrx_word' id='word_1_215' title='bbox 993 3166 1242 3244; x_wconf 90' lang='lat' dir='ltr'>transpositione:</span> 
     </span>
     <span class='ocr_line' id='line_1_27' title="bbox 192 3284 1052 3369; baseline -0.001 -10"><span class='ocrx_word' id='word_1_216' title='bbox 192 3362 195 3369; x_wconf 71' lang='grc'><strong>,</strong></span> <span class='ocrx_word' id='word_1_217' title='bbox 263 3284 366 3359; x_wconf 82' lang='lat' dir='ltr'>&#39;Mala</span> <span class='ocrx_word' id='word_1_218' title='bbox 386 3304 431 3358; x_wconf 87' lang='lat' dir='ltr'>air</span> <span class='ocrx_word' id='word_1_219' title='bbox 447 3303 586 3359; x_wconf 81' lang='lat' dir='ltr'>,viriatum</span> <span class='ocrx_word' id='word_1_220' title='bbox 607 3317 729 3359; x_wconf 73' lang='lat' dir='ltr'>amoram</span> <span class='ocrx_word' id='word_1_221' title='bbox 750 3303 856 3359; x_wconf 79' lang='lat' dir='ltr'>hahere</span> <span class='ocrx_word' id='word_1_222' title='bbox 878 3302 1052 3358; x_wconf 83' lang='lat' dir='ltr'>Atalantam.</span> 
     </span>
    </p>
   </div>
   <div class='ocr_carea' id='block_1_5' title="bbox 129 3415 1242 4049">
    <p class='ocr_par' dir='ltr' id='par_1_5' title="bbox 129 3415 1242 4049">
     <span class='ocr_line' id='line_1_28' title="bbox 138 3415 1242 3517; baseline 0 -22"><span class='ocrx_word' id='word_1_223' title='bbox 138 3439 276 3495; x_wconf 85' lang='lat' dir='ltr'>Viriolam</span> <span class='ocrx_word' id='word_1_224' title='bbox 297 3434 378 3517; x_wconf 89' lang='lat' dir='ltr'>quod</span> <span class='ocrx_word' id='word_1_225' title='bbox 395 3437 483 3516; x_wconf 92' lang='lat' dir='ltr'>posui</span> <span class='ocrx_word' id='word_1_226' title='bbox 504 3435 626 3496; x_wconf 87' lang='lat' dir='ltr'>videtur</span> <span class='ocrx_word' id='word_1_227' title='bbox 646 3445 716 3516; x_wconf 87' lang='lat' dir='ltr'>apte</span> <span class='ocrx_word' id='word_1_228' title='bbox 740 3415 778 3495; x_wconf 87' lang='lat' dir='ltr'>do</span> <span class='ocrx_word' id='word_1_229' title='bbox 795 3434 941 3494; x_wconf 86' lang='lat' dir='ltr'>Atalanta</span> <span class='ocrx_word' id='word_1_230' title='bbox 958 3455 994 3492; x_wconf 88' lang='lat' dir='ltr'>ca</span> <span class='ocrx_word' id='word_1_231' title='bbox 1011 3435 1042 3492; x_wconf 91' lang='lat' dir='ltr'>vi</span> <span class='ocrx_word' id='word_1_232' title='bbox 1059 3434 1130 3507; x_wconf 88' lang='lat' dir='ltr'>dici,</span> <span class='ocrx_word' id='word_1_233' title='bbox 1152 3456 1242 3514; x_wconf 88' lang='lat' dir='ltr'>quam</span> 
     </span>
     <span class='ocr_line' id='line_1_29' title="bbox 131 3540 1241 3629; baseline 0 -27"><span class='ocrx_word' id='word_1_234' title='bbox 131 3563 220 3624; x_wconf 86' lang='lat' dir='ltr'>supra</span> <span class='ocrx_word' id='word_1_235' title='bbox 254 3562 294 3603; x_wconf 85' lang='lat' dir='ltr'>ex</span> <span class='ocrx_word' id='word_1_236' title='bbox 316 3540 445 3603; x_wconf 90' lang='lat' dir='ltr'>&#39;Isidoro</span> <span class='ocrx_word' id='word_1_237' title='bbox 478 3542 643 3603; x_wconf 86' lang='lat' dir='ltr'>illustravi:</span> <span class='ocrx_word' id='word_1_238' title='bbox 684 3542 722 3602; x_wconf 86' lang='lat' dir='ltr'>de</span> <span class='ocrx_word' id='word_1_239' title='bbox 757 3545 867 3601; x_wconf 88' lang='lat' dir='ltr'>airalas</span> <span class='ocrx_word' id='word_1_240' title='bbox 895 3561 971 3601; x_wconf 90' lang='lat' dir='ltr'>voce</span> <span class='ocrx_word' id='word_1_241' title='bbox 1000 3562 1018 3600; x_wconf 90' lang='lat' dir='ltr'>a</span> <span class='ocrx_word' id='word_1_242' title='bbox 1044 3542 1159 3602; x_wconf 87' lang='lat' dir='ltr'>viribus</span> <span class='ocrx_word' id='word_1_243' title='bbox 1188 3543 1241 3629; x_wconf 86' lang='lat' dir='ltr'>du-</span> 
     </span>
     <span class='ocr_line' id='line_1_30' title="bbox 130 3647 1241 3729; baseline 0.001 -22"><span class='ocrx_word' id='word_1_244' title='bbox 130 3648 207 3722; x_wconf 90' lang='lat' dir='ltr'>bito,</span> <span class='ocrx_word' id='word_1_245' title='bbox 232 3647 353 3729; x_wconf 83' lang='lat' dir='ltr'>reliqua</span> <span class='ocrx_word' id='word_1_246' title='bbox 376 3648 586 3709; x_wconf 86' lang='lat' dir='ltr'>excluduntur.</span> <span class='ocrx_word' id='word_1_247' title='bbox 628 3649 739 3708; x_wconf 86' lang='lat' dir='ltr'>Hiatus</span> <span class='ocrx_word' id='word_1_248' title='bbox 764 3669 854 3722; x_wconf 88' lang='lat' dir='ltr'>vero,</span> <span class='ocrx_word' id='word_1_249' title='bbox 884 3648 935 3728; x_wconf 90' lang='lat' dir='ltr'>qui</span> <span class='ocrx_word' id='word_1_250' title='bbox 957 3648 1056 3717; x_wconf 83' lang='lat' dir='ltr'>estin</span> <span class='ocrx_word' id='word_1_251' title='bbox 1079 3668 1115 3707; x_wconf 89' lang='lat' dir='ltr'>eo</span> <span class='ocrx_word' id='word_1_252' title='bbox 1139 3668 1241 3724; x_wconf 84' lang='lat' dir='ltr'>versu,</span> 
     </span>
     <span class='ocr_line' id='line_1_31' title="bbox 129 3752 1242 3835; baseline 0.002 -22"><span class='ocrx_word' id='word_1_253' title='bbox 129 3774 187 3815; x_wconf 90' lang='lat' dir='ltr'>non</span> <span class='ocrx_word' id='word_1_254' title='bbox 213 3754 308 3823; x_wconf 79' lang='lat' dir='ltr'>hahet</span> <span class='ocrx_word' id='word_1_255' title='bbox 333 3755 381 3815; x_wconf 85' lang='lat' dir='ltr'>sui</span> <span class='ocrx_word' id='word_1_256' title='bbox 408 3755 507 3815; x_wconf 86' lang='lat' dir='ltr'>simile</span> <span class='ocrx_word' id='word_1_257' title='bbox 534 3757 566 3814; x_wconf 92' lang='lat' dir='ltr'>in</span> <span class='ocrx_word' id='word_1_258' title='bbox 593 3756 637 3814; x_wconf 88' lang='lat' dir='ltr'>eis</span> <span class='ocrx_word' id='word_1_259' title='bbox 665 3754 830 3834; x_wconf 83' lang='lat' dir='ltr'>exemplis,</span> <span class='ocrx_word' id='word_1_260' title='bbox 858 3774 937 3835; x_wconf 87' lang='lat' dir='ltr'>quae</span> <span class='ocrx_word' id='word_1_261' title='bbox 964 3752 1178 3813; x_wconf 86' lang='lat' dir='ltr'>Lachmannus</span> <span class='ocrx_word' id='word_1_262' title='bbox 1203 3755 1242 3815; x_wconf 89' lang='lat' dir='ltr'>ad</span> 
     </span>
     <span class='ocr_line' id='line_1_32' title="bbox 129 3858 1242 3941; baseline 0 -20"><span class='ocrx_word' id='word_1_263' title='bbox 129 3860 264 3922; x_wconf 88' lang='lat' dir='ltr'>Lucretii</span> <span class='ocrx_word' id='word_1_264' title='bbox 280 3862 314 3921; x_wconf 89' lang='grc' dir='ltr'>Π</span> <span class='ocrx_word' id='word_1_265' title='bbox 335 3870 385 3926; x_wconf 83' lang='grc'>991</span> <span class='ocrx_word' id='word_1_266' title='bbox 407 3882 438 3941; x_wconf 87' lang='lat' dir='ltr'>p.</span> <span class='ocrx_word' id='word_1_267' title='bbox 459 3872 507 3925; x_wconf 81' lang='lat'>131</span> <span class='ocrx_word' id='word_1_268' title='bbox 529 3870 560 3920; x_wconf 92' lang='lat' dir='ltr'>et</span> <span class='ocrx_word' id='word_1_269' title='bbox 577 3861 611 3919; x_wconf 93' lang='grc' dir='ltr'>Π</span> <span class='ocrx_word' id='word_1_270' title='bbox 630 3867 681 3923; x_wconf 77' lang='grc'>466</span> <span class='ocrx_word' id='word_1_271' title='bbox 703 3880 734 3939; x_wconf 82' lang='lat' dir='ltr'>p.</span> <span class='ocrx_word' id='word_1_272' title='bbox 758 3870 809 3922; x_wconf 88' lang='lat'>100</span> <span class='ocrx_word' id='word_1_273' title='bbox 838 3858 1015 3939; x_wconf 88' lang='lat' dir='ltr'>composuit.</span> <span class='ocrx_word' id='word_1_274' title='bbox 1060 3859 1122 3920; x_wconf 84' lang='lat' dir='ltr'>Sed</span> <span class='ocrx_word' id='word_1_275' title='bbox 1148 3862 1242 3922; x_wconf 85' lang='lat' dir='ltr'>habet.</span> 
     </span>
     <span class='ocr_line' id='line_1_33' title="bbox 129 3950 1240 4049; baseline 0.002 -23"><span class='ocrx_word' id='word_1_276' title='bbox 129 3966 257 4030; x_wconf 84' lang='lat' dir='ltr'>fortasse</span> <span class='ocrx_word' id='word_1_277' title='bbox 267 3950 422 4049; x_wconf 77' lang='lat' dir='ltr'>geminum</span> <span class='ocrx_word' id='word_1_278' title='bbox 436 3968 468 4026; x_wconf 91' lang='lat' dir='ltr'>in</span> <span class='ocrx_word' id='word_1_279' title='bbox 482 3967 529 4027; x_wconf 89' lang='lat' dir='ltr'>his</span> <span class='ocrx_word' id='word_1_280' title='bbox 543 3966 688 4028; x_wconf 86' lang='lat' dir='ltr'>Varronis</span> <span class='ocrx_word' id='word_1_281' title='bbox 705 3966 852 4047; x_wconf 80' lang='lat' dir='ltr'>reliquiis</span> <span class='ocrx_word' id='word_1_282' title='bbox 875 3975 1031 4025; x_wconf 74' lang='lat' dir='ltr'>Bruanium</span> <span class='ocrx_word' id='word_1_283' title='bbox 1048 3968 1126 4027; x_wconf 91' lang='lat' dir='ltr'>enim</span> <span class='ocrx_word' id='word_1_284' title='bbox 1141 3969 1178 4028; x_wconf 88' lang='lat' dir='ltr'>fr.</span> <span class='ocrx_word' id='word_1_285' title='bbox 1194 3977 1240 4032; x_wconf 85' lang='lat'>17:</span> 
     </span>
    </p>
   </div>
   <div class='ocr_carea' id='block_1_6' title="bbox 277 4080 1078 4286">
    <p class='ocr_par' dir='ltr' id='par_1_6' title="bbox 277 4080 1078 4286">
     <span class='ocr_line' id='line_1_34' title="bbox 277 4080 1034 4179; baseline -0.004 -14"><span class='ocrx_word' id='word_1_286' title='bbox 277 4107 406 4179; x_wconf 78' lang='lat' dir='ltr'>Hospes,</span> <span class='ocrx_word' id='word_1_287' title='bbox 425 4108 495 4179; x_wconf 80' lang='lat' dir='ltr'>quid</span> <span class='ocrx_word' id='word_1_288' title='bbox 514 4108 605 4163; x_wconf 86' lang='lat' dir='ltr'>miras</span> <span class='ocrx_word' id='word_1_289' title='bbox 625 4108 735 4162; x_wconf 81' lang='lat' dir='ltr'>animos</span> <span class='ocrx_word' id='word_1_290' title='bbox 751 4080 859 4161; x_wconf 76' lang='lat' dir='ltr'>curare</span> <span class='ocrx_word' id='word_1_291' title='bbox 883 4106 1034 4179; x_wconf 79' lang='lat' dir='ltr'>Serapim?</span> 
     </span>
     <span class='ocr_line' id='line_1_35' title="bbox 329 4213 1078 4286; baseline -0.003 -17"><span class='ocrx_word' id='word_1_292' title='bbox 329 4213 405 4282; x_wconf 74' lang='lat' dir='ltr'>Quia</span> <span class='ocrx_word' id='word_1_293' title='bbox 410 4220 422 4268; x_wconf 85' lang='lat' dir='ltr'>l</span> <span class='ocrx_word' id='word_1_294' title='bbox 448 4215 534 4286; x_wconf 82' lang='lat' dir='ltr'>quasi</span> <span class='ocrx_word' id='word_1_295' title='bbox 550 4230 607 4270; x_wconf 87' lang='lat' dir='ltr'>aaa</span> <span class='ocrx_word' id='word_1_296' title='bbox 627 4218 714 4270; x_wconf 84' lang='lat' dir='ltr'>carol</span> <span class='ocrx_word' id='word_1_297' title='bbox 735 4214 871 4269; x_wconf 85' lang='lat' dir='ltr'>tantidem</span> <span class='ocrx_word' id='word_1_298' title='bbox 892 4213 1078 4269; x_wconf 78' lang='lat' dir='ltr'>Aristotcles?</span> 
     </span>
    </p>
   </div>
   <div class='ocr_carea' id='block_1_7' title="bbox 123 4318 1237 4429">
    <p class='ocr_par' dir='ltr' id='par_1_7' title="bbox 123 4318 1237 4429">
     <span class='ocr_line' id='line_1_36' title="bbox 123 4318 1237 4429; baseline -0.004 -24"><span class='ocrx_word' id='word_1_299' title='bbox 123 4318 195 4406; x_wconf 42' lang='lat' dir='ltr'>&#39;cnm</span> <span class='ocrx_word' id='word_1_300' title='bbox 219 4322 356 4407; x_wconf 76' lang='lat' dir='ltr'>tantidem</span> <span class='ocrx_word' id='word_1_301' title='bbox 381 4354 522 4429; x_wconf 87' lang='lat' dir='ltr'>correpta</span> <span class='ocrx_word' id='word_1_302' title='bbox 549 4347 649 4407; x_wconf 90' lang='lat' dir='ltr'>madia</span> <span class='ocrx_word' id='word_1_303' title='bbox 670 4344 792 4426; x_wconf 88' lang='lat' dir='ltr'>probari</span> <span class='ocrx_word' id='word_1_304' title='bbox 820 4352 967 4426; x_wconf 86' lang='lat' dir='ltr'>nequeat,</span> <span class='ocrx_word' id='word_1_305' title='bbox 994 4343 1160 4404; x_wconf 82' lang='lat' dir='ltr'>videndum</span> <span class='ocrx_word' id='word_1_306' title='bbox 1181 4350 1237 4416; x_wconf 83' lang='lat' dir='ltr'>ost,</span> 
     </span>
    </p>
   </div>
   <div class='ocr_carea' id='block_1_8' title="bbox 167 4648 187 4689">
    <p class='ocr_par' dir='ltr' id='par_1_8' title="bbox 167 4648 187 4689">
     <span class='ocr_line' id='line_1_37' title="bbox 167 4648 187 4689; baseline 0 0"><span class='ocrx_word' id='word_1_307' title='bbox 167 4648 187 4689; x_wconf 77' lang='grc' dir='ltr'><strong><em>Ι</em></strong></span> 
     </span>
    </p>
   </div>
   <div class='ocr_carea' id='block_1_9' title="bbox 0 0 1384 4890">
    <p class='ocr_par' dir='ltr' id='par_1_9' title="bbox 0 0 1384 4890">
     <span class='ocr_line' id='line_1_38' title="bbox 0 0 1384 4890; baseline 0 1"><span class='ocrx_word' id='word_1_308' title='bbox 0 0 1384 4890; x_wconf 95' lang='lat' dir='ltr'> </span> 
     </span>
    </p>
   </div>
  </div>
 </body>
</html>
