<?xml version="1.0" encoding="UTF-8"?>
<!DOCTYPE html PUBLIC "-//W3C//DTD XHTML 1.0 Transitional//EN"
    "http://www.w3.org/TR/xhtml1/DTD/xhtml1-transitional.dtd">
<html xmlns="http://www.w3.org/1999/xhtml" xml:lang="en" lang="en">
 <head>
  <title>
</title>
<meta http-equiv="Content-Type" content="text/html;charset=utf-8" />
  <meta name='ocr-system' content='tesseract 3.04.00' />
  <meta name='ocr-capabilities' content='ocr_page ocr_carea ocr_par ocr_line ocrx_word'/>
</head>
<body>
  <div class='ocr_page' id='page_1' title='image "./ioannisvahlenii00vahlgoog_0153.png"; bbox 0 0 2760 4890; ppageno 0'>
   <div class='ocr_carea' id='block_1_1' title="bbox 214 347 896 408">
    <p class='ocr_par' dir='ltr' id='par_1_1' title="bbox 214 347 896 408">
     <span class='ocr_line' id='line_1_1' title="bbox 214 347 896 408; baseline 0.003 -2"><span class='ocrx_word' id='word_1_1' title='bbox 214 347 272 407; x_wconf 80' lang='lat'>140</span> <span class='ocrx_word' id='word_1_2' title='bbox 640 359 896 408; x_wconf 72' lang='lat' dir='ltr'>coruncanum.</span> 
     </span>
    </p>
   </div>
   <div class='ocr_carea' id='block_1_2' title="bbox 211 518 1378 1444">
    <p class='ocr_par' dir='ltr' id='par_1_2' title="bbox 211 518 1378 1444">
     <span class='ocr_line' id='line_1_2' title="bbox 212 518 1326 599; baseline 0.004 -23"><span class='ocrx_word' id='word_1_3' title='bbox 212 518 321 594; x_wconf 86' lang='lat' dir='ltr'>mulat:</span> <span class='ocrx_word' id='word_1_4' title='bbox 349 539 422 591; x_wconf 90' lang='lat' dir='ltr'>vos,</span> <span class='ocrx_word' id='word_1_5' title='bbox 448 520 499 599; x_wconf 90' lang='lat' dir='ltr'>qui</span> <span class='ocrx_word' id='word_1_6' title='bbox 528 520 609 578; x_wconf 90' lang='lat' dir='ltr'>docti</span> <span class='ocrx_word' id='word_1_7' title='bbox 633 521 722 592; x_wconf 88' lang='lat' dir='ltr'>estis,</span> <span class='ocrx_word' id='word_1_8' title='bbox 752 520 859 578; x_wconf 87' lang='lat' dir='ltr'>missos</span> <span class='ocrx_word' id='word_1_9' title='bbox 883 523 974 580; x_wconf 89' lang='lat' dir='ltr'>facite</span> <span class='ocrx_word' id='word_1_10' title='bbox 998 522 1117 581; x_wconf 69' lang='lat' dir='ltr'>stultos»</span> <span class='ocrx_word' id='word_1_11' title='bbox 1129 519 1206 582; x_wconf 88' lang='lat' dir='ltr'>istos</span> <span class='ocrx_word' id='word_1_12' title='bbox 1228 530 1259 582; x_wconf 90' lang='lat' dir='ltr'>et</span> <span class='ocrx_word' id='word_1_13' title='bbox 1276 544 1326 582; x_wconf 86' lang='lat' dir='ltr'>uu-</span> 
     </span>
     <span class='ocr_line' id='line_1_3' title="bbox 211 622 1374 706; baseline 0.007 -23"><span class='ocrx_word' id='word_1_14' title='bbox 211 627 344 702; x_wconf 88' lang='lat' dir='ltr'>gatorios</span> <span class='ocrx_word' id='word_1_15' title='bbox 368 622 610 685; x_wconf 72' lang='lat' dir='ltr'>calumniatores.</span> <span class='ocrx_word' id='word_1_16' title='bbox 655 627 692 684; x_wconf 93' lang='lat' dir='ltr'>In</span> <span class='ocrx_word' id='word_1_17' title='bbox 713 625 799 685; x_wconf 89' lang='lat' dir='ltr'>libris</span> <span class='ocrx_word' id='word_1_18' title='bbox 820 649 850 706; x_wconf 94' lang='lat' dir='ltr'>p.</span> <span class='ocrx_word' id='word_1_19' title='bbox 872 637 915 698; x_wconf 84' lang='lat'>70,</span> <span class='ocrx_word' id='word_1_20' title='bbox 940 639 972 689; x_wconf 88' lang='lat' dir='ltr'>lo</span> <span class='ocrx_word' id='word_1_21' title='bbox 997 638 1044 688; x_wconf 88' lang='lat' dir='ltr'>est</span> <span class='ocrx_word' id='word_1_22' title='bbox 1062 635 1125 703; x_wconf 81' lang='lat' dir='ltr'>ipse</span> <span class='ocrx_word' id='word_1_23' title='bbox 1143 636 1228 705; x_wconf 77' lang='lat' dir='ltr'>fiatis,</span> <span class='ocrx_word' id='word_1_24' title='bbox 1251 631 1328 691; x_wconf 91' lang='lat' dir='ltr'>unde</span> <span class='ocrx_word' id='word_1_25' title='bbox 1372 644 1374 647; x_wconf 82' lang='lat'>&#39;</span> 
     </span>
     <span class='ocr_line' id='line_1_4' title="bbox 212 733 1328 818; baseline 0.014 -26"><span class='ocrx_word' id='word_1_26' title='bbox 212 733 352 811; x_wconf 79' lang='lat' dir='ltr'>Scaliger</span> <span class='ocrx_word' id='word_1_27' title='bbox 386 735 417 793; x_wconf 89' lang='lat' dir='ltr'>in</span> <span class='ocrx_word' id='word_1_28' title='bbox 453 734 613 793; x_wconf 88' lang='lat' dir='ltr'>catalectis</span> <span class='ocrx_word' id='word_1_29' title='bbox 637 757 666 814; x_wconf 88' lang='lat' dir='ltr'>p.</span> <span class='ocrx_word' id='word_1_30' title='bbox 693 743 746 796; x_wconf 73' lang='lat'>208</span> <span class='ocrx_word' id='word_1_31' title='bbox 780 737 913 806; x_wconf 76' lang='lat' dir='ltr'>clepsistis</span> <span class='ocrx_word' id='word_1_32' title='bbox 938 738 1083 810; x_wconf 80' lang='lat' dir='ltr'>coniecit,</span> <span class='ocrx_word' id='word_1_33' title='bbox 1121 748 1215 818; x_wconf 69' lang='lat' dir='ltr'>atque</span> <span class='ocrx_word' id='word_1_34' title='bbox 1245 759 1328 798; x_wconf 87' lang='lat' dir='ltr'>omne</span> 
     </span>
     <span class='ocr_line' id='line_1_5' title="bbox 212 828 1326 921; baseline 0.005 -25"><span class='ocrx_word' id='word_1_35' title='bbox 212 840 424 916; x_wconf 82' lang='lat' dir='ltr'>fragmentum,</span> <span class='ocrx_word' id='word_1_36' title='bbox 448 842 530 920; x_wconf 90' lang='lat' dir='ltr'>quod</span> <span class='ocrx_word' id='word_1_37' title='bbox 551 843 754 921; x_wconf 76' lang='lat' dir='ltr'>sMorpopoli</span> <span class='ocrx_word' id='word_1_38' title='bbox 772 828 952 920; x_wconf 42' lang='lat' dir='ltr'>napi-domo</span> <span class='ocrx_word' id='word_1_39' title='bbox 975 843 1057 914; x_wconf 91' lang='lat' dir='ltr'>citat,</span> <span class='ocrx_word' id='word_1_40' title='bbox 1081 841 1140 901; x_wconf 87' lang='lat' dir='ltr'>hoc</span> <span class='ocrx_word' id='word_1_41' title='bbox 1164 842 1256 902; x_wconf 91' lang='lat' dir='ltr'>modo</span> <span class='ocrx_word' id='word_1_42' title='bbox 1279 844 1326 902; x_wconf 88' lang='lat' dir='ltr'>de-</span> 
     </span>
     <span class='ocr_line' id='line_1_6' title="bbox 212 925 1378 1026; baseline 0.006 -22"><span class='ocrx_word' id='word_1_43' title='bbox 212 947 351 1026; x_wconf 89' lang='lat' dir='ltr'>scripsit:</span> <span class='ocrx_word' id='word_1_44' title='bbox 1376 925 1378 940; x_wconf 30' lang='grc' dir='ltr'>ι</span> 
     </span>
     <span class='ocr_line' id='line_1_7' title="bbox 515 1057 917 1128; baseline 0 -16"><span class='ocrx_word' id='word_1_45' title='bbox 515 1057 670 1128; x_wconf 83' lang='lat' dir='ltr'>Depsistis‚</span> <span class='ocrx_word' id='word_1_46' title='bbox 693 1059 778 1113; x_wconf 82' lang='lat' dir='ltr'>dicite</span> <span class='ocrx_word' id='word_1_47' title='bbox 797 1060 917 1113; x_wconf 74' lang='lat' dir='ltr'>laedae?</span> 
     </span>
     <span class='ocr_line' id='line_1_8' title="bbox 522 1162 973 1220; baseline 0.007 -3"><span class='ocrx_word' id='word_1_48' title='bbox 522 1162 615 1218; x_wconf 84' lang='lat' dir='ltr'>Victos</span> <span class='ocrx_word' id='word_1_49' title='bbox 635 1165 804 1219; x_wconf 77' lang='lat' dir='ltr'>contemnite</span> <span class='ocrx_word' id='word_1_50' title='bbox 822 1166 893 1220; x_wconf 85' lang='lat' dir='ltr'>oioi:</span> <span class='ocrx_word' id='word_1_51' title='bbox 914 1183 973 1220; x_wconf 84' lang='lat' dir='ltr'>on-</span> 
     </span>
     <span class='ocr_line' id='line_1_9' title="bbox 516 1271 982 1342; baseline 0.011 -18"><span class='ocrx_word' id='word_1_52' title='bbox 516 1271 631 1340; x_wconf 79' lang='lat' dir='ltr'>ticipate</span> <span class='ocrx_word' id='word_1_53' title='bbox 649 1275 734 1342; x_wconf 77' lang='lat' dir='ltr'>otone</span> <span class='ocrx_word' id='word_1_54' title='bbox 757 1272 852 1327; x_wconf 83' lang='lat' dir='ltr'>addite</span> <span class='ocrx_word' id='word_1_55' title='bbox 874 1275 982 1329; x_wconf 85' lang='lat' dir='ltr'>calcar.</span> 
     </span>
     <span class='ocr_line' id='line_1_10' title="bbox 518 1359 1033 1444; baseline 0.01 -14"><span class='ocrx_word' id='word_1_56' title='bbox 518 1376 624 1432; x_wconf 77' lang='lat' dir='ltr'><em>Stultos</em></span> <span class='ocrx_word' id='word_1_57' title='bbox 648 1380 816 1434; x_wconf 76' lang='lat' dir='ltr'>contemnite</span> <span class='ocrx_word' id='word_1_58' title='bbox 839 1359 922 1435; x_wconf 83' lang='lat' dir='ltr'>docti.</span> <span class='ocrx_word' id='word_1_59' title='bbox 1031 1436 1033 1444; x_wconf 78' lang='grc'>,</span> 
     </span>
    </p>
   </div>
   <div class='ocr_carea' id='block_1_3' title="bbox 136 1542 1328 1626">
    <p class='ocr_par' dir='ltr' id='par_1_3' title="bbox 136 1542 1328 1626">
     <span class='ocr_line' id='line_1_11' title="bbox 136 1542 1328 1626; baseline 0.001 -23"><span class='ocrx_word' id='word_1_60' title='bbox 136 1581 140 1586; x_wconf 65' lang='grc'><strong><em>»</em></strong></span> <span class='ocrx_word' id='word_1_61' title='bbox 212 1546 310 1604; x_wconf 89' lang='lat' dir='ltr'>Veros</span> <span class='ocrx_word' id='word_1_62' title='bbox 338 1564 480 1602; x_wconf 87' lang='lat' dir='ltr'>numeros</span> <span class='ocrx_word' id='word_1_63' title='bbox 509 1542 546 1602; x_wconf 77' lang='lat' dir='ltr'>G.</span> <span class='ocrx_word' id='word_1_64' title='bbox 569 1544 763 1602; x_wconf 87' lang='lat' dir='ltr'>Hermannus</span> <span class='ocrx_word' id='word_1_65' title='bbox 787 1546 918 1604; x_wconf 88' lang='lat' dir='ltr'>restituit</span> <span class='ocrx_word' id='word_1_66' title='bbox 946 1549 977 1605; x_wconf 89' lang='lat' dir='ltr'>in</span> <span class='ocrx_word' id='word_1_67' title='bbox 1000 1547 1158 1605; x_wconf 85' lang='lat' dir='ltr'>elementis</span> <span class='ocrx_word' id='word_1_68' title='bbox 1185 1546 1213 1604; x_wconf 91' lang='lat' dir='ltr'>d.</span> <span class='ocrx_word' id='word_1_69' title='bbox 1239 1569 1278 1606; x_wconf 90' lang='lat' dir='ltr'>m.</span> <span class='ocrx_word' id='word_1_70' title='bbox 1299 1568 1328 1626; x_wconf 88' lang='lat' dir='ltr'>p.</span> 
     </span>
    </p>
   </div>
   <div class='ocr_carea' id='block_1_4' title="bbox 146 1632 1359 3752">
    <p class='ocr_par' dir='ltr' id='par_1_4' title="bbox 146 1632 1359 3752">
     <span class='ocr_line' id='line_1_12' title="bbox 212 1632 1359 1731; baseline 0 -20"><span class='ocrx_word' id='word_1_71' title='bbox 212 1660 280 1722; x_wconf 80' lang='lat'>411,</span> <span class='ocrx_word' id='word_1_72' title='bbox 316 1649 369 1708; x_wconf 93' lang='lat' dir='ltr'>ubi</span> <span class='ocrx_word' id='word_1_73' title='bbox 392 1655 579 1723; x_wconf 78' lang='lat' dir='ltr'>persensistis</span> <span class='ocrx_word' id='word_1_74' title='bbox 607 1650 711 1709; x_wconf 84' lang='lat' dir='ltr'>scribit</span> <span class='ocrx_word' id='word_1_75' title='bbox 738 1652 843 1724; x_wconf 92' lang='lat' dir='ltr'>initio,</span> <span class='ocrx_word' id='word_1_76' title='bbox 872 1652 1126 1731; x_wconf 86' lang='lat' dir='ltr'>quemadmodum</span> <span class='ocrx_word' id='word_1_77' title='bbox 1156 1673 1194 1712; x_wconf 84' lang='lat' dir='ltr'>ex</span> <span class='ocrx_word' id='word_1_78' title='bbox 1216 1632 1359 1713; x_wconf 74' lang='lat' dir='ltr'>Aldina&#39;</span> 
     </span>
     <span class='ocr_line' id='line_1_13' title="bbox 198 1754 1330 1846; baseline 0.004 -33"><span class='ocrx_word' id='word_1_79' title='bbox 198 1754 395 1839; x_wconf 53' lang='lat' dir='ltr'>⁸vulgabatur</span> <span class='ocrx_word' id='word_1_80' title='bbox 410 1760 546 1813; x_wconf 84' lang='lat' dir='ltr'>sensistis.</span> <span class='ocrx_word' id='word_1_81' title='bbox 591 1756 668 1815; x_wconf 90' lang='lat' dir='ltr'>Mihi</span> <span class='ocrx_word' id='word_1_82' title='bbox 688 1756 792 1834; x_wconf 89' lang='lat' dir='ltr'>placet</span> <span class='ocrx_word' id='word_1_83' title='bbox 813 1756 939 1817; x_wconf 88' lang='lat' dir='ltr'>Oehleri</span> <span class='ocrx_word' id='word_1_84' title='bbox 962 1758 1150 1817; x_wconf 86' lang='lat' dir='ltr'>emendatio:</span> <span class='ocrx_word' id='word_1_85' title='bbox 1178 1763 1253 1833; x_wconf 84' lang='lat' dir='ltr'>ipsis</span> <span class='ocrx_word' id='word_1_86' title='bbox 1268 1765 1330 1846; x_wconf 77' lang='lat' dir='ltr'>¹istis</span> 
     </span>
     <span class='ocr_line' id='line_1_14' title="bbox 214 1850 1330 1945; baseline 0.004 -25"><span class='ocrx_word' id='word_1_87' title='bbox 214 1859 278 1938; x_wconf 85' lang='lat' dir='ltr'>(vel</span> <span class='ocrx_word' id='word_1_88' title='bbox 305 1865 394 1936; x_wconf 80' lang='lat' dir='ltr'>ipseis</span> <span class='ocrx_word' id='word_1_89' title='bbox 420 1865 502 1935; x_wconf 86' lang='lat' dir='ltr'>istis).</span> <span class='ocrx_word' id='word_1_90' title='bbox 547 1864 663 1919; x_wconf 83' lang='lat' dir='ltr'>Labdac</span> <span class='ocrx_word' id='word_1_91' title='bbox 695 1860 756 1939; x_wconf 88' lang='lat' dir='ltr'>(sic</span> <span class='ocrx_word' id='word_1_92' title='bbox 787 1865 867 1921; x_wconf 91' lang='lat' dir='ltr'>enim</span> <span class='ocrx_word' id='word_1_93' title='bbox 895 1870 979 1922; x_wconf 88' lang='lat' dir='ltr'>recte</span> <span class='ocrx_word' id='word_1_94' title='bbox 1010 1850 1167 1931; x_wconf 86' lang='lat' dir='ltr'>emendari</span> <span class='ocrx_word' id='word_1_95' title='bbox 1196 1874 1270 1945; x_wconf 91' lang='lat' dir='ltr'>puto</span> <span class='ocrx_word' id='word_1_96' title='bbox 1299 1866 1330 1926; x_wconf 91' lang='lat' dir='ltr'>id</span> 
     </span>
     <span class='ocr_line' id='line_1_15' title="bbox 213 1967 1330 2049; baseline 0.005 -23"><span class='ocrx_word' id='word_1_97' title='bbox 213 1968 293 2049; x_wconf 92' lang='lat' dir='ltr'>quod</span> <span class='ocrx_word' id='word_1_98' title='bbox 315 1969 347 2027; x_wconf 89' lang='lat' dir='ltr'>in</span> <span class='ocrx_word' id='word_1_99' title='bbox 369 1967 453 2026; x_wconf 90' lang='lat' dir='ltr'>libris</span> <span class='ocrx_word' id='word_1_100' title='bbox 478 1977 525 2027; x_wconf 91' lang='lat' dir='ltr'>est</span> <span class='ocrx_word' id='word_1_101' title='bbox 544 1972 674 2043; x_wconf 86' lang='lat' dir='ltr'>labdeoe)</span> <span class='ocrx_word' id='word_1_102' title='bbox 694 1971 746 2049; x_wconf 90' lang='lat' dir='ltr'>qui</span> <span class='ocrx_word' id='word_1_103' title='bbox 769 1971 829 2028; x_wconf 92' lang='lat' dir='ltr'>sint</span> <span class='ocrx_word' id='word_1_104' title='bbox 852 1969 991 2047; x_wconf 77' lang='lat' dir='ltr'>Scaliger</span> <span class='ocrx_word' id='word_1_105' title='bbox 1012 1970 1164 2047; x_wconf 88' lang='lat' dir='ltr'>significat</span> <span class='ocrx_word' id='word_1_106' title='bbox 1180 1972 1201 2030; x_wconf 91' lang='lat' dir='ltr'>l.</span> <span class='ocrx_word' id='word_1_107' title='bbox 1226 1992 1253 2032; x_wconf 87' lang='lat' dir='ltr'>c.</span> <span class='ocrx_word' id='word_1_108' title='bbox 1288 1973 1330 2032; x_wconf 82' lang='lat' dir='ltr'>At</span> 
     </span>
     <span class='ocr_line' id='line_1_16' title="bbox 211 2075 1328 2163; baseline 0.005 -30"><span class='ocrx_word' id='word_1_109' title='bbox 211 2076 261 2134; x_wconf 93' lang='lat' dir='ltr'>hic</span> <span class='ocrx_word' id='word_1_110' title='bbox 289 2095 349 2134; x_wconf 89' lang='lat' dir='ltr'>non</span> <span class='ocrx_word' id='word_1_111' title='bbox 369 2076 493 2155; x_wconf 90' lang='lat' dir='ltr'>propria</span> <span class='ocrx_word' id='word_1_112' title='bbox 514 2095 550 2133; x_wconf 90' lang='lat' dir='ltr'>ac</span> <span class='ocrx_word' id='word_1_113' title='bbox 572 2075 725 2154; x_wconf 88' lang='lat' dir='ltr'>primitiva</span> <span class='ocrx_word' id='word_1_114' title='bbox 747 2077 792 2147; x_wconf 89' lang='lat' dir='ltr'>vi,</span> <span class='ocrx_word' id='word_1_115' title='bbox 823 2096 902 2156; x_wconf 87' lang='lat' dir='ltr'>quae</span> <span class='ocrx_word' id='word_1_116' title='bbox 922 2076 1263 2163; x_wconf 10' lang='lat' dir='ltr'>estdobscena,1lobdoe</span> <span class='ocrx_word' id='word_1_117' title='bbox 1286 2080 1328 2138; x_wconf 92' lang='lat' dir='ltr'>di-</span> 
     </span>
     <span class='ocr_line' id='line_1_17' title="bbox 213 2160 1330 2266; baseline 0 -25"><span class='ocrx_word' id='word_1_118' title='bbox 213 2190 330 2255; x_wconf 90' lang='lat' dir='ltr'>cuntur,</span> <span class='ocrx_word' id='word_1_119' title='bbox 355 2160 411 2240; x_wconf 91' lang='lat' dir='ltr'>sed</span> <span class='ocrx_word' id='word_1_120' title='bbox 431 2182 463 2240; x_wconf 94' lang='lat' dir='ltr'>in</span> <span class='ocrx_word' id='word_1_121' title='bbox 485 2175 688 2260; x_wconf 82' lang='lat' dir='ltr'>contemptum</span> <span class='ocrx_word' id='word_1_122' title='bbox 710 2164 839 2241; x_wconf 83' lang='lat' dir='ltr'>vertitur</span> <span class='ocrx_word' id='word_1_123' title='bbox 856 2202 917 2240; x_wconf 84' lang='lat' dir='ltr'>vox</span> <span class='ocrx_word' id='word_1_124' title='bbox 936 2181 1036 2262; x_wconf 86' lang='lat' dir='ltr'>turpis</span> <span class='ocrx_word' id='word_1_125' title='bbox 1053 2202 1089 2241; x_wconf 85' lang='lat' dir='ltr'>eo</span> <span class='ocrx_word' id='word_1_126' title='bbox 1110 2203 1182 2256; x_wconf 89' lang='lat' dir='ltr'>usu,</span> <span class='ocrx_word' id='word_1_127' title='bbox 1208 2206 1268 2266; x_wconf 92' lang='lat' dir='ltr'>quo</span> <span class='ocrx_word' id='word_1_128' title='bbox 1291 2190 1330 2243; x_wconf 83' lang='lat' dir='ltr'>ir·</span> 
     </span>
     <span class='ocr_line' id='line_1_18' title="bbox 212 2286 1330 2368; baseline -0.001 -18"><span class='ocrx_word' id='word_1_129' title='bbox 212 2299 343 2350; x_wconf 85' lang='lat' dir='ltr'>rumotor</span> <span class='ocrx_word' id='word_1_130' title='bbox 370 2298 400 2348; x_wconf 92' lang='lat' dir='ltr'>ct</span> <span class='ocrx_word' id='word_1_131' title='bbox 428 2286 537 2346; x_wconf 80' lang='lat' dir='ltr'>similia</span> <span class='ocrx_word' id='word_1_132' title='bbox 563 2286 643 2365; x_wconf 91' lang='lat' dir='ltr'>apud</span> <span class='ocrx_word' id='word_1_133' title='bbox 667 2287 834 2348; x_wconf 80' lang='lat' dir='ltr'>Catullum:</span> <span class='ocrx_word' id='word_1_134' title='bbox 864 2286 965 2368; x_wconf 90' lang='lat' dir='ltr'>quode</span> <span class='ocrx_word' id='word_1_135' title='bbox 992 2287 1063 2346; x_wconf 88' lang='lat' dir='ltr'>vide</span> <span class='ocrx_word' id='word_1_136' title='bbox 1086 2288 1278 2367; x_wconf 84' lang='lat' dir='ltr'>Scaligerum</span> <span class='ocrx_word' id='word_1_137' title='bbox 1299 2292 1330 2349; x_wconf 88' lang='lat' dir='ltr'>in</span> 
     </span>
     <span class='ocr_line' id='line_1_19' title="bbox 213 2396 1329 2479; baseline -0.002 -21"><span class='ocrx_word' id='word_1_138' title='bbox 213 2398 367 2458; x_wconf 81' lang='lat' dir='ltr'>Catullum</span> <span class='ocrx_word' id='word_1_139' title='bbox 387 2418 418 2475; x_wconf 92' lang='lat' dir='ltr'>p.</span> <span class='ocrx_word' id='word_1_140' title='bbox 436 2407 478 2458; x_wconf 88' lang='lat' dir='ltr'>ll.</span> <span class='ocrx_word' id='word_1_141' title='bbox 494 2404 526 2473; x_wconf 60' lang='lat'>2!</span> <span class='ocrx_word' id='word_1_142' title='bbox 544 2396 584 2454; x_wconf 89' lang='lat' dir='ltr'>al.</span> <span class='ocrx_word' id='word_1_143' title='bbox 621 2399 736 2454; x_wconf 84' lang='lat' dir='ltr'>Lobdae</span> <span class='ocrx_word' id='word_1_144' title='bbox 756 2396 916 2454; x_wconf 86' lang='lat' dir='ltr'>vocativus</span> <span class='ocrx_word' id='word_1_145' title='bbox 941 2404 996 2466; x_wconf 86' lang='lat' dir='ltr'>est,</span> <span class='ocrx_word' id='word_1_146' title='bbox 1021 2416 1039 2453; x_wconf 87' lang='lat' dir='ltr'>a</span> <span class='ocrx_word' id='word_1_147' title='bbox 1058 2399 1143 2454; x_wconf 83' lang='lat' dir='ltr'>dicite</span> <span class='ocrx_word' id='word_1_148' title='bbox 1163 2417 1329 2479; x_wconf 86' lang='lat' dir='ltr'>suspensus</span> 
     </span>
     <span class='ocr_line' id='line_1_20' title="bbox 212 2502 1331 2577; baseline -0.001 -14"><span class='ocrx_word' id='word_1_149' title='bbox 212 2512 245 2563; x_wconf 88' lang='lat' dir='ltr'>ut</span> <span class='ocrx_word' id='word_1_150' title='bbox 263 2507 295 2562; x_wconf 91' lang='lat' dir='ltr'>in</span> <span class='ocrx_word' id='word_1_151' title='bbox 310 2502 414 2563; x_wconf 88' lang='lat' dir='ltr'>Ovidii</span> <span class='ocrx_word' id='word_1_152' title='bbox 437 2522 573 2561; x_wconf 87' lang='lat' dir='ltr'>amorum</span> <span class='ocrx_word' id='word_1_153' title='bbox 594 2503 652 2574; x_wconf 84' lang='lat'>17,</span> <span class='ocrx_word' id='word_1_154' title='bbox 675 2512 721 2565; x_wconf 81' lang='lat'>19:</span> <span class='ocrx_word' id='word_1_155' title='bbox 753 2504 822 2572; x_wconf 82' lang='lat' dir='ltr'>Quis</span> <span class='ocrx_word' id='word_1_156' title='bbox 844 2505 914 2560; x_wconf 79' lang='lat' dir='ltr'>mibi</span> <span class='ocrx_word' id='word_1_157' title='bbox 934 2522 991 2562; x_wconf 89' lang='lat' dir='ltr'>non</span> <span class='ocrx_word' id='word_1_158' title='bbox 1013 2502 1163 2573; x_wconf 72' lang='lat' dir='ltr'>‘demens&#39;‚</span> <span class='ocrx_word' id='word_1_159' title='bbox 1187 2507 1253 2577; x_wconf 83' lang='lat' dir='ltr'>quis</span> <span class='ocrx_word' id='word_1_160' title='bbox 1274 2524 1331 2562; x_wconf 87' lang='lat' dir='ltr'>non</span> 
     </span>
     <span class='ocr_line' id='line_1_21' title="bbox 213 2608 1329 2687; baseline 0 -18"><span class='ocrx_word' id='word_1_161' title='bbox 213 2614 282 2670; x_wconf 84' lang='lat' dir='ltr'>mibi</span> <span class='ocrx_word' id='word_1_162' title='bbox 304 2608 452 2669; x_wconf 75' lang='lat' dir='ltr'>‘barbare&#39;</span> <span class='ocrx_word' id='word_1_163' title='bbox 481 2611 577 2666; x_wconf 72' lang='lat' dir='ltr'>dicite</span> <span class='ocrx_word' id='word_1_164' title='bbox 609 2628 707 2687; x_wconf 88' lang='lat' dir='ltr'>aquo</span> <span class='ocrx_word' id='word_1_165' title='bbox 731 2627 786 2665; x_wconf 91' lang='lat' dir='ltr'>usu</span> <span class='ocrx_word' id='word_1_166' title='bbox 809 2617 910 2666; x_wconf 88' lang='lat' dir='ltr'>tamen</span> <span class='ocrx_word' id='word_1_167' title='bbox 934 2609 1152 2668; x_wconf 87' lang='lat' dir='ltr'>alienissimum</span> <span class='ocrx_word' id='word_1_168' title='bbox 1174 2629 1244 2669; x_wconf 88' lang='lat' dir='ltr'>csse</span> <span class='ocrx_word' id='word_1_169' title='bbox 1265 2611 1329 2669; x_wconf 84' lang='lat' dir='ltr'>Hb-</span> 
     </span>
     <span class='ocr_line' id='line_1_22' title="bbox 213 2714 1331 2801; baseline 0.001 -27"><span class='ocrx_word' id='word_1_170' title='bbox 213 2718 282 2790; x_wconf 85' lang='lat' dir='ltr'>ratii</span> <span class='ocrx_word' id='word_1_171' title='bbox 303 2735 426 2774; x_wconf 87' lang='lat' dir='ltr'>versum</span> <span class='ocrx_word' id='word_1_172' title='bbox 450 2733 540 2771; x_wconf 91' lang='lat' dir='ltr'>carm.</span> <span class='ocrx_word' id='word_1_173' title='bbox 563 2714 660 2787; x_wconf 77' lang='lat'>1120,</span> <span class='ocrx_word' id='word_1_174' title='bbox 684 2724 700 2777; x_wconf 85' lang='lat'><strong>6</strong></span> <span class='ocrx_word' id='word_1_175' title='bbox 723 2733 852 2801; x_wconf 73' lang='lat' dir='ltr'>noneoo</span> <span class='ocrx_word' id='word_1_176' title='bbox 874 2735 957 2791; x_wconf 79' lang='lat' dir='ltr'>qoem</span> <span class='ocrx_word' id='word_1_177' title='bbox 980 2737 1065 2776; x_wconf 82' lang='lat' dir='ltr'>socos</span> <span class='ocrx_word' id='word_1_178' title='bbox 1085 2720 1195 2776; x_wconf 81' lang='lat' dir='ltr'>Dilecto</span> <span class='ocrx_word' id='word_1_179' title='bbox 1216 2719 1331 2775; x_wconf 80' lang='lat' dir='ltr'>Maece-</span> 
     </span>
     <span class='ocr_line' id='line_1_23' title="bbox 214 2821 1332 2906; baseline 0 -25"><span class='ocrx_word' id='word_1_180' title='bbox 214 2821 381 2906; x_wconf 78' lang='lat' dir='ltr'>nasetiarn</span> <span class='ocrx_word' id='word_1_181' title='bbox 402 2829 474 2900; x_wconf 89' lang='lat' dir='ltr'>post</span> <span class='ocrx_word' id='word_1_182' title='bbox 495 2821 651 2880; x_wconf 91' lang='lat' dir='ltr'>novissimi</span> <span class='ocrx_word' id='word_1_183' title='bbox 679 2822 803 2880; x_wconf 86' lang='lat' dir='ltr'>editoris</span> <span class='ocrx_word' id='word_1_184' title='bbox 829 2823 1056 2902; x_wconf 88' lang='lat' dir='ltr'>adnotationem</span> <span class='ocrx_word' id='word_1_185' title='bbox 1078 2823 1197 2899; x_wconf 73' lang='lat' dir='ltr'>iudico.</span> <span class='ocrx_word' id='word_1_186' title='bbox 1239 2826 1332 2883; x_wconf 82' lang='lat' dir='ltr'>Victos</span> 
     </span>
     <span class='ocr_line' id='line_1_24' title="bbox 146 2927 1330 3011; baseline 0.003 -24"><span class='ocrx_word' id='word_1_187' title='bbox 146 3002 149 3005; x_wconf 87' lang='lat'>.</span> <span class='ocrx_word' id='word_1_188' title='bbox 181 2948 184 2965; x_wconf 90' lang='lat'><em>·</em></span> <span class='ocrx_word' id='word_1_189' title='bbox 214 2929 296 3008; x_wconf 93' lang='lat' dir='ltr'>quod</span> <span class='ocrx_word' id='word_1_190' title='bbox 329 2928 468 3002; x_wconf 84' lang='lat' dir='ltr'>Scaliger</span> <span class='ocrx_word' id='word_1_191' title='bbox 499 2933 530 2983; x_wconf 84' lang='lat' dir='ltr'>et</span> <span class='ocrx_word' id='word_1_192' title='bbox 562 2927 614 3006; x_wconf 90' lang='lat' dir='ltr'>qui</span> <span class='ocrx_word' id='word_1_193' title='bbox 648 2927 750 3001; x_wconf 89' lang='lat' dir='ltr'>illum,</span> <span class='ocrx_word' id='word_1_194' title='bbox 781 2937 814 2987; x_wconf 91' lang='lat' dir='ltr'>ut</span> <span class='ocrx_word' id='word_1_195' title='bbox 834 2950 999 3009; x_wconf 84' lang='lat' dir='ltr'>persaepe,</span> <span class='ocrx_word' id='word_1_196' title='bbox 1029 2931 1166 3011; x_wconf 88' lang='lat' dir='ltr'>sequitur</span> <span class='ocrx_word' id='word_1_197' title='bbox 1193 2931 1330 2990; x_wconf 89' lang='lat' dir='ltr'>Lauren-</span> 
     </span>
     <span class='ocr_line' id='line_1_25' title="bbox 214 3033 1330 3116; baseline 0.004 -22"><span class='ocrx_word' id='word_1_198' title='bbox 214 3036 336 3112; x_wconf 89' lang='lat' dir='ltr'>bergius</span> <span class='ocrx_word' id='word_1_199' title='bbox 364 3036 395 3092; x_wconf 94' lang='lat' dir='ltr'>in</span> <span class='ocrx_word' id='word_1_200' title='bbox 423 3033 604 3111; x_wconf 88' lang='lat' dir='ltr'>Antiquario</span> <span class='ocrx_word' id='word_1_201' title='bbox 632 3055 654 3092; x_wconf 92' lang='lat' dir='ltr'>s.</span> <span class='ocrx_word' id='word_1_202' title='bbox 680 3057 708 3093; x_wconf 89' lang='lat' dir='ltr'>v.</span> <span class='ocrx_word' id='word_1_203' title='bbox 732 3035 844 3095; x_wconf 87' lang='lat' dir='ltr'>labdae</span> <span class='ocrx_word' id='word_1_204' title='bbox 866 3059 896 3116; x_wconf 88' lang='lat' dir='ltr'>p.</span> <span class='ocrx_word' id='word_1_205' title='bbox 923 3045 974 3099; x_wconf 74' lang='lat'>245</span> <span class='ocrx_word' id='word_1_206' title='bbox 1004 3037 1139 3096; x_wconf 87' lang='lat' dir='ltr'>scribunt</span> <span class='ocrx_word' id='word_1_207' title='bbox 1164 3058 1220 3115; x_wconf 91' lang='lat' dir='ltr'>pro</span> <span class='ocrx_word' id='word_1_208' title='bbox 1245 3044 1330 3109; x_wconf 82' lang='lat' dir='ltr'>sivos,</span> 
     </span>
     <span class='ocr_line' id='line_1_26' title="bbox 213 3141 1331 3226; baseline 0.003 -24"><span class='ocrx_word' id='word_1_209' title='bbox 213 3143 304 3202; x_wconf 89' lang='lat' dir='ltr'>video</span> <span class='ocrx_word' id='word_1_210' title='bbox 333 3143 385 3224; x_wconf 90' lang='lat' dir='ltr'>qui</span> <span class='ocrx_word' id='word_1_211' title='bbox 414 3141 511 3220; x_wconf 88' lang='lat' dir='ltr'>accipi</span> <span class='ocrx_word' id='word_1_212' title='bbox 538 3142 648 3218; x_wconf 87' lang='lat' dir='ltr'>possit,</span> <span class='ocrx_word' id='word_1_213' title='bbox 678 3161 736 3199; x_wconf 89' lang='lat' dir='ltr'>nec</span> <span class='ocrx_word' id='word_1_214' title='bbox 759 3151 861 3200; x_wconf 88' lang='lat' dir='ltr'>tamen</span> <span class='ocrx_word' id='word_1_215' title='bbox 891 3141 1015 3201; x_wconf 90' lang='lat' dir='ltr'>discedo</span> <span class='ocrx_word' id='word_1_216' title='bbox 1045 3141 1082 3200; x_wconf 87' lang='lat' dir='ltr'>de</span> <span class='ocrx_word' id='word_1_217' title='bbox 1102 3143 1245 3222; x_wconf 84' lang='lat' dir='ltr'>vulgata,</span> <span class='ocrx_word' id='word_1_218' title='bbox 1270 3167 1331 3226; x_wconf 89' lang='lat' dir='ltr'>qua</span> 
     </span>
     <span class='ocr_line' id='line_1_27' title="bbox 214 3245 1331 3330; baseline 0.003 -22"><span class='ocrx_word' id='word_1_219' title='bbox 214 3250 287 3308; x_wconf 86' lang='lat' dir='ltr'>milri</span> <span class='ocrx_word' id='word_1_220' title='bbox 310 3258 380 3328; x_wconf 89' lang='lat' dir='ltr'>apte</span> <span class='ocrx_word' id='word_1_221' title='bbox 404 3249 465 3307; x_wconf 91' lang='lat' dir='ltr'>dici</span> <span class='ocrx_word' id='word_1_222' title='bbox 486 3246 621 3306; x_wconf 86' lang='lat' dir='ltr'>videtur:</span> <span class='ocrx_word' id='word_1_223' title='bbox 651 3246 720 3305; x_wconf 92' lang='lat' dir='ltr'>dum</span> <span class='ocrx_word' id='word_1_224' title='bbox 748 3245 850 3306; x_wconf 86' lang='lat' dir='ltr'>vivitis</span> <span class='ocrx_word' id='word_1_225' title='bbox 877 3251 1012 3328; x_wconf 87' lang='lat' dir='ltr'>spernite</span> <span class='ocrx_word' id='word_1_226' title='bbox 1033 3251 1108 3308; x_wconf 86' lang='lat' dir='ltr'>istos</span> <span class='ocrx_word' id='word_1_227' title='bbox 1132 3252 1185 3330; x_wconf 92' lang='lat' dir='ltr'>qui</span> <span class='ocrx_word' id='word_1_228' title='bbox 1206 3253 1331 3311; x_wconf 91' lang='lat' dir='ltr'>vivunt:</span> 
     </span>
     <span class='ocr_line' id='line_1_28' title="bbox 214 3353 1331 3438; baseline 0.002 -23"><span class='ocrx_word' id='word_1_229' title='bbox 214 3356 266 3415; x_wconf 91' lang='lat' dir='ltr'>ubi</span> <span class='ocrx_word' id='word_1_230' title='bbox 291 3356 385 3415; x_wconf 87' lang='lat' dir='ltr'>semel</span> <span class='ocrx_word' id='word_1_231' title='bbox 403 3356 543 3434; x_wconf 88' lang='lat' dir='ltr'>utrisque.</span> <span class='ocrx_word' id='word_1_232' title='bbox 563 3353 694 3412; x_wconf 91' lang='lat' dir='ltr'>eundum</span> <span class='ocrx_word' id='word_1_233' title='bbox 710 3362 756 3412; x_wconf 90' lang='lat' dir='ltr'>est</span> <span class='ocrx_word' id='word_1_234' title='bbox 770 3353 852 3427; x_wconf 88' lang='lat' dir='ltr'>illuc,</span> <span class='ocrx_word' id='word_1_235' title='bbox 876 3355 957 3414; x_wconf 91' lang='lat' dir='ltr'>unde</span> <span class='ocrx_word' id='word_1_236' title='bbox 976 3364 1092 3433; x_wconf 86' lang='lat' dir='ltr'>negant</span> <span class='ocrx_word' id='word_1_237' title='bbox 1108 3356 1210 3416; x_wconf 88' lang='lat' dir='ltr'>redire</span> <span class='ocrx_word' id='word_1_238' title='bbox 1227 3379 1331 3438; x_wconf 89' lang='lat' dir='ltr'>quem·</span> 
     </span>
     <span class='ocr_line' id='line_1_29' title="bbox 214 3459 1333 3541; baseline 0.002 -21"><span class='ocrx_word' id='word_1_239' title='bbox 214 3483 322 3541; x_wconf 87' lang='lat' dir='ltr'>quarn,</span> <span class='ocrx_word' id='word_1_240' title='bbox 343 3470 443 3521; x_wconf 88' lang='lat' dir='ltr'>actum</span> <span class='ocrx_word' id='word_1_241' title='bbox 467 3468 522 3518; x_wconf 86' lang='lat' dir='ltr'>est.</span> <span class='ocrx_word' id='word_1_242' title='bbox 568 3459 711 3537; x_wconf 89' lang='lat' dir='ltr'>Denique</span> <span class='ocrx_word' id='word_1_243' title='bbox 732 3460 809 3519; x_wconf 87' lang='lat' dir='ltr'>haec</span> <span class='ocrx_word' id='word_1_244' title='bbox 830 3465 987 3536; x_wconf 69' lang='lat' dir='ltr'>anticipato</span> <span class='ocrx_word' id='word_1_245' title='bbox 1010 3471 1095 3537; x_wconf 82' lang='lat' dir='ltr'>atque</span> <span class='ocrx_word' id='word_1_246' title='bbox 1115 3465 1212 3522; x_wconf 83' lang='lat' dir='ltr'>addite</span> <span class='ocrx_word' id='word_1_247' title='bbox 1232 3470 1333 3524; x_wconf 85' lang='lat' dir='ltr'>calcor</span> 
     </span>
     <span class='ocr_line' id='line_1_30' title="bbox 212 3568 1332 3648; baseline 0.004 -23"><span class='ocrx_word' id='word_1_248' title='bbox 212 3568 270 3625; x_wconf 92' lang='lat' dir='ltr'>hoc</span> <span class='ocrx_word' id='word_1_249' title='bbox 299 3587 390 3626; x_wconf 91' lang='lat' dir='ltr'>sensu</span> <span class='ocrx_word' id='word_1_250' title='bbox 420 3568 598 3627; x_wconf 84' lang='lat' dir='ltr'>efferuntur:</span> <span class='ocrx_word' id='word_1_251' title='bbox 629 3568 721 3626; x_wconf 88' lang='lat' dir='ltr'>citato</span> <span class='ocrx_word' id='word_1_252' title='bbox 751 3589 840 3628; x_wconf 87' lang='lat' dir='ltr'>cursu</span> <span class='ocrx_word' id='word_1_253' title='bbox 867 3569 1054 3648; x_wconf 88' lang='lat' dir='ltr'>praecurrite</span> <span class='ocrx_word' id='word_1_254' title='bbox 1079 3569 1155 3627; x_wconf 86' lang='lat' dir='ltr'>istos</span> <span class='ocrx_word' id='word_1_255' title='bbox 1178 3590 1215 3646; x_wconf 82' lang='lat' dir='ltr'>ac</span> <span class='ocrx_word' id='word_1_256' title='bbox 1239 3571 1332 3630; x_wconf 90' lang='lat' dir='ltr'>relin-</span> 
     </span>
     <span class='ocr_line' id='line_1_31' title="bbox 213 3666 686 3752; baseline 0.013 -22"><span class='ocrx_word' id='word_1_257' title='bbox 213 3674 296 3752; x_wconf 87' lang='lat' dir='ltr'>quite</span> <span class='ocrx_word' id='word_1_258' title='bbox 316 3673 430 3735; x_wconf 89' lang='lat' dir='ltr'>tardos.</span> <span class='ocrx_word' id='word_1_259' title='bbox 680 3666 686 3674; x_wconf 38' lang='lat'>⁸</span> 
     </span>
    </p>
   </div>
   <div class='ocr_carea' id='block_1_5' title="bbox 124 3814 1376 4428">
    <p class='ocr_par' dir='ltr' id='par_1_5' title="bbox 124 3796 1376 4428">
     <span class='ocr_line' id='line_1_32' title="bbox 298 3814 1376 3897; baseline 0.006 -26"><span class='ocrx_word' id='word_1_260' title='bbox 298 3814 431 3873; x_wconf 87' lang='lat' dir='ltr'>Tantum</span> <span class='ocrx_word' id='word_1_261' title='bbox 455 3824 501 3874; x_wconf 90' lang='lat' dir='ltr'>est</span> <span class='ocrx_word' id='word_1_262' title='bbox 521 3815 773 3893; x_wconf 87' lang='lat' dir='ltr'>fragmentorum,</span> <span class='ocrx_word' id='word_1_263' title='bbox 796 3837 875 3896; x_wconf 90' lang='lat' dir='ltr'>quae</span> <span class='ocrx_word' id='word_1_264' title='bbox 898 3836 965 3874; x_wconf 91' lang='lat' dir='ltr'>curn</span> <span class='ocrx_word' id='word_1_265' title='bbox 991 3817 1094 3897; x_wconf 88' lang='lat' dir='ltr'>aliqua</span> <span class='ocrx_word' id='word_1_266' title='bbox 1113 3815 1332 3896; x_wconf 87' lang='lat' dir='ltr'>probabilitate</span> <span class='ocrx_word' id='word_1_267' title='bbox 1374 3839 1376 3843; x_wconf 89' lang='lat'>·</span> 
     </span>
     <span class='ocr_line' id='line_1_33' title="bbox 216 3917 1333 4002; baseline 0.008 -28"><span class='ocrx_word' id='word_1_268' title='bbox 216 3917 255 3976; x_wconf 86' lang='lat' dir='ltr'>ad</span> <span class='ocrx_word' id='word_1_269' title='bbox 283 3919 414 3997; x_wconf 89' lang='lat' dir='ltr'>priorem</span> <span class='ocrx_word' id='word_1_270' title='bbox 443 3940 533 4000; x_wconf 85' lang='lat' dir='ltr'>quam</span> <span class='ocrx_word' id='word_1_271' title='bbox 563 3922 665 3980; x_wconf 85' lang='lat' dir='ltr'>animo</span> <span class='ocrx_word' id='word_1_272' title='bbox 695 3922 856 3980; x_wconf 90' lang='lat' dir='ltr'>informavi</span> <span class='ocrx_word' id='word_1_273' title='bbox 885 3930 1006 3981; x_wconf 88' lang='lat' dir='ltr'>saturae</span> <span class='ocrx_word' id='word_1_274' title='bbox 1027 3930 1144 4002; x_wconf 86' lang='lat' dir='ltr'>partem</span> <span class='ocrx_word' id='word_1_275' title='bbox 1167 3924 1333 3983; x_wconf 88' lang='lat' dir='ltr'>referenda</span> 
     </span>
     <span class='ocr_line' id='line_1_34' title="bbox 217 4023 1331 4104; baseline 0.007 -23"><span class='ocrx_word' id='word_1_276' title='bbox 217 4024 299 4084; x_wconf 84' lang='lat' dir='ltr'>duxi.</span> <span class='ocrx_word' id='word_1_277' title='bbox 335 4023 426 4102; x_wconf 76' lang='lat' dir='ltr'>Quod</span> <span class='ocrx_word' id='word_1_278' title='bbox 449 4047 522 4084; x_wconf 89' lang='lat' dir='ltr'>vero</span> <span class='ocrx_word' id='word_1_279' title='bbox 546 4028 644 4086; x_wconf 89' lang='lat' dir='ltr'>Varro</span> <span class='ocrx_word' id='word_1_280' title='bbox 666 4027 697 4083; x_wconf 92' lang='lat' dir='ltr'>in</span> <span class='ocrx_word' id='word_1_281' title='bbox 718 4026 827 4085; x_wconf 89' lang='lat' dir='ltr'>saturis</span> <span class='ocrx_word' id='word_1_282' title='bbox 851 4028 942 4087; x_wconf 87' lang='lat' dir='ltr'>etiam</span> <span class='ocrx_word' id='word_1_283' title='bbox 958 4028 997 4087; x_wconf 89' lang='lat' dir='ltr'>ad</span> <span class='ocrx_word' id='word_1_284' title='bbox 1012 4048 1133 4087; x_wconf 86' lang='lat' dir='ltr'>suarum</span> <span class='ocrx_word' id='word_1_285' title='bbox 1148 4038 1331 4104; x_wconf 88' lang='lat' dir='ltr'>saturarum,</span> 
     </span>
     <span class='ocr_line' id='line_1_35' title="bbox 216 4130 1332 4213; baseline 0.007 -26"><span class='ocrx_word' id='word_1_286' title='bbox 216 4150 306 4209; x_wconf 86' lang='lat' dir='ltr'>quam</span> <span class='ocrx_word' id='word_1_287' title='bbox 327 4130 475 4209; x_wconf 90' lang='lat' dir='ltr'>peculiari</span> <span class='ocrx_word' id='word_1_288' title='bbox 496 4130 601 4190; x_wconf 91' lang='lat' dir='ltr'>libello</span> <span class='ocrx_word' id='word_1_289' title='bbox 623 4139 801 4210; x_wconf 88' lang='lat' dir='ltr'>persecutus</span> <span class='ocrx_word' id='word_1_290' title='bbox 821 4141 895 4207; x_wconf 87' lang='lat' dir='ltr'>erat,</span> <span class='ocrx_word' id='word_1_291' title='bbox 920 4133 1168 4213; x_wconf 89' lang='lat' dir='ltr'>compositionem</span> <span class='ocrx_word' id='word_1_292' title='bbox 1184 4134 1332 4213; x_wconf 83' lang='lat' dir='ltr'>deflectit,</span> 
     </span>
     <span class='ocr_line' id='line_1_36' title="bbox 124 4230 1336 4320; baseline 0.004 -26"><span class='ocrx_word' id='word_1_293' title='bbox 124 4230 137 4257; x_wconf 69' lang='lat'><strong>²</strong></span> <span class='ocrx_word' id='word_1_294' title='bbox 217 4237 361 4296; x_wconf 89' lang='lat' dir='ltr'>convenit</span> <span class='ocrx_word' id='word_1_295' title='bbox 386 4238 565 4317; x_wconf 91' lang='lat' dir='ltr'>praesertim</span> <span class='ocrx_word' id='word_1_296' title='bbox 592 4235 663 4294; x_wconf 91' lang='lat' dir='ltr'>huic</span> <span class='ocrx_word' id='word_1_297' title='bbox 696 4236 863 4296; x_wconf 89' lang='lat' dir='ltr'>litterarum</span> <span class='ocrx_word' id='word_1_298' title='bbox 891 4240 998 4317; x_wconf 87' lang='lat' dir='ltr'>generi</span> <span class='ocrx_word' id='word_1_299' title='bbox 1026 4259 1083 4298; x_wconf 89' lang='lat' dir='ltr'>nec</span> <span class='ocrx_word' id='word_1_300' title='bbox 1111 4240 1210 4298; x_wconf 88' lang='lat' dir='ltr'>minus</span> <span class='ocrx_word' id='word_1_301' title='bbox 1240 4259 1336 4320; x_wconf 86' lang='lat' dir='ltr'>quam·</span> 
     </span>
     <span class='ocr_line' id='line_1_37' title="bbox 209 4342 1331 4428; baseline 0.005 -27"><span class='ocrx_word' id='word_1_302' title='bbox 209 4342 324 4401; x_wconf 90' lang='lat' dir='ltr'>iisdem</span> <span class='ocrx_word' id='word_1_303' title='bbox 351 4352 381 4404; x_wconf 88' lang='lat' dir='ltr'>et</span> <span class='ocrx_word' id='word_1_304' title='bbox 408 4342 554 4404; x_wconf 88' lang='lat' dir='ltr'>musicam</span> <span class='ocrx_word' id='word_1_305' title='bbox 584 4352 614 4403; x_wconf 90' lang='lat' dir='ltr'>et</span> <span class='ocrx_word' id='word_1_306' title='bbox 641 4351 833 4403; x_wconf 79' lang='lat' dir='ltr'>numerorum</span> <span class='ocrx_word' id='word_1_307' title='bbox 852 4345 1036 4426; x_wconf 83' lang='lat' dir='ltr'>dicendique</span> <span class='ocrx_word' id='word_1_308' title='bbox 1055 4352 1168 4422; x_wconf 78' lang='lat' dir='ltr'>artem,</span> <span class='ocrx_word' id='word_1_309' title='bbox 1198 4347 1331 4428; x_wconf 87' lang='lat' dir='ltr'>denique</span> 
     </span>
    </p>
   </div>
   <div class='ocr_carea' id='block_1_6' title="bbox 0 0 1389 4890">
    <p class='ocr_par' dir='ltr' id='par_1_6' title="bbox 0 0 1389 4890">
     <span class='ocr_line' id='line_1_38' title="bbox 0 0 1389 4890; baseline 0 0"><span class='ocrx_word' id='word_1_310' title='bbox 0 0 1389 4890; x_wconf 95' lang='lat' dir='ltr'> </span> 
     </span>
    </p>
   </div>
  </div>
 </body>
</html>
