2760 4890
503 341 759 390 comessurus.
840 300 849 322 ⁸
1129 331 1187 393 171

72 502 208 581 supplex
228 501 388 561 Minervae
411 501 531 578 signum
553 499 795 579 amplexaretur,
819 500 933 559 Furiae
956 499 1064 576 fugare
1086 501 1189 579 incep·
1229 481 1233 489 ¹

72 616 154 683 tunt,
183 608 220 667 fr.
240 596 275 671 39
296 605 508 666 admonemur:
537 610 702 696 uhi'oideat
723 625 753 666 se
778 610 921 665 caritendo
943 625 982 664 ere
1005 627 1059 664 era
1081 619 1193 666 eccam

74 723 139 775 tare
154 735 214 774 non
231 731 328 789 posse,
351 717 485 788 deripere
507 717 664 788 incipiunt.-
688 713 768 794 quod
790 714 894 773 nescio
917 733 1008 792 quem
1022 715 1053 771 in
1072 733 1126 772 ara
1141 714 1192 774 dei

16 818 20 825 '
74 821 195 896 deaeve
217 821 401 900 supplicem,
430 827 463 878 ut
486 819 621 888 videtur,
650 819 841 879 adsidentem
864 828 894 879 et
917 840 934 878 a
957 822 1060 879 nescio
1082 823 1191 901 quibus

74 927 249 1006 dereptum*
264 925 424 1004 significat.
468 926 614 1006 Denique
637 935 670 985 ut
693 925 818 987 Orestes
839 924 1096 1004 Areopagitarum
1114 927 1191 986 iudi-

76 1036 121 1095 cio
143 1033 292 1093 liberatus
313 1030 459 1103 traditur,
478 1032 521 1089 ita
540 1032 577 1092 de
602 1053 638 1092 eo
660 1052 797 1113 quoque,
827 1052 917 1113 quem
941 1033 1037 1092 Varro
1060 1031 1190 1106 induxit,

74 1143 182 1199 insano
220 1140 373 1199 sententia
408 1138 541 1197 iudicum
576 1137 763 1200 decernitur:
795 1140 831 1198 fr.
858 1147 893 1200 44
925 1142 1068 1198 Forenses
1093 1139 1198 1198 decer!

74 1257 160 1318 nunt,
184 1255 216 1306 at
238 1248 422 1306 Existimatio
446 1264 547 1304 nomen
570 1263 662 1303 meum
683 1251 713 1304 in
735 1266 872 1305 senorum
895 1264 1045 1305 ricemerem
1068 1247 1190 1320 referet.

74 1355 127 1415 Sic
155 1353 238 1412 enim
263 1371 401 1413 senorum
424 1355 455 1412 in
483 1353 569 1412 libris
596 1327 752 1429 scribitur,
781 1373 841 1411 non
864 1373 923 1432 quo
947 1353 1043 1410 omnis
1064 1353 1129 1410 eius
1153 1353 1191 1409 ir.

73 1463 151 1521 ratio
182 1459 377 1535 obscuratur,
405 1465 589 1531 insanorum,
617 1466 685 1537 post
706 1459 852 1538 Popmam
873 1460 911 1519 ab
935 1459 1067 1519 Oehlero
1087 1460 1191 1518 incon·

74 1569 210 1641 siderate
233 1576 400 1647 receptum.
443 1569 527 1644 Ergo
550 1565 688 1625 collectis
710 1567 757 1626 his
780 1566 900 1626 indiciis
919 1565 959 1624 ad
982 1567 1100 1627 Orestis
1123 1587 1191 1646 spe·

75 1677 153 1736 ciem
187 1675 375 1735 efformatum
403 1673 556 1731 hominem
583 1673 722 1730 insanum
749 1673 967 1761 nanciscimur,
1006 1674 1058 1753 qui
1090 1693 1108 1731 a
1135 1672 1192 1731 deo

76 1781 175 1842 deave
202 1781 317 1840 frustra
350 1773 698 1839 levationeminsaniae
725 1788 867 1857 precatus
904 1779 1027 1839 tandem
1058 1779 1193 1838 iudicum
1295 1824 1297 1826 -

75 1876 200 1948 decreto
225 1888 256 1947 in
281 1905 422 1946 sanorum
448 1905 605 1945 numerum
627 1885 765 1946 refertur.
811 1884 949 1964 Cumque
967 1905 1023 1964 per
1040 1885 1194 1943 nonnulla

74 1996 248 2073 fragmenta
274 1995 307 2051 in
328 1993 433 2051 matris
457 1991 547 2050 deum
568 1994 713 2073 templum
736 1991 929 2065 inducamur,
959 1991 1040 2050 subit
1062 1992 1193 2050 animum

77 2100 235 2179 cogitatio,
247 2099 335 2158 huius
352 2097 429 2158 deae
446 2081 529 2158 aram
544 2099 713 2179 supplicem
729 2099 820 2158 istum
834 2097 1051 2187 occupavisse:
1068 2097 1191 2176 quando
1256 2154 1257 2158 ,

54 2227 142 2290 'curn
174 2204 351 2267 sacerdotes
368 2202 514 2285 'Cybeles
546 2205 686 2265 medicae
719 2205 792 2264 artis
819 2190 933 2283 peritos
961 2212 1024 2262 tum
1054 2203 1193 2284 Oybelen

76 2315 178 2392 ipsam
203 2310 333 2372 sanandi
361 2311 454 2368 animi
483 2311 620 2370 morbum
648 2311 795 2371 facultate
824 2310 993 2390 praeditam
1016 2310 1192 2376 credebant.

77 2419 124 2479 cf.
151 2417 349 2479 Schwencltii
377 2419 550 2492 Mythotopie
578 2421 631 2475 der
659 2421 799 2477 Griecheo
828 2439 856 2496 p.
884 2425 944 2480 338.
988 2417 1087 2499 Atqui
1112 2418 1193 2477 aliae

75 2525 228 2606 reliquiae
250 2521 380 2582 eundem
402 2523 523 2582 insania
546 2522 735 2585 laborantem
756 2527 894 2586 indicant
910 2526 949 2586 de
964 2523 1073 2584 eodem
1088 2524 1193 2585 morbo

75 2630 218 2709 Serapim
238 2628 366 2703 adiisse,
402 2648 492 2708 quem
515 2637 545 2687 et
567 2629 664 2707 ipsum
685 2632 866 2710 Aesculapii
885 2641 989 2712 partes
1012 2633 1193 2691 sustinuisse

75 2735 289 2819 perhibebant.
339 2734 388 2795 Of.
417 2734 611 2796 Schwenckii
643 2739 815 2813 Mpthotopie
841 2743 870 2799 d.
900 2742 1045 2813 Aepppter
1074 2760 1103 2818 p.
1132 2746 1193 2813 275,
1231 2804 1235 2811 ,

76 2841 238 2905 Welckeri
264 2841 357 2900 lcleine
379 2842 528 2915 Schriften
549 2840 599 2899 III
622 2862 652 2921 p.
674 2853 708 2907 99
728 2864 810 2925 sqq,
855 2843 892 2904 Ο.
914 2844 1040 2904 Iahnius
1062 2844 1102 2904 ad
1120 2845 1193 2904 Per·

74 2950 152 3015 sium
175 2969 206 3028 p.
229 2957 289 3012 133.
333 2947 479 3026 Denique
507 2946 588 3005 idem
611 2959 753 3027 aegrotus
775 2949 815 3008 ad
835 2951 1083 3030 philosophorum
1106 2951 1192 3010 scho-

76 3056 123 3116 las
145 3055 321 3134 ahlegatur,
344 3053 377 3111 in
398 3051 508 3132 quibus
529 3051 621 3130 longe
644 3057 754 3114 certior
776 3076 867 3135 quam
895 3058 926 3115 in
949 3059 1105 3115 numinum
1128 3055 1193 3114 illo·

76 3183 142 3222 rum
166 3160 260 3222 sacris
288 3159 427 3219 insaniae
453 3178 490 3218 ac
516 3156 690 3220 dementiae
718 3163 832 3221 curatio
853 3164 954 3240 posita
975 3165 1027 3221 sit:
1058 3164 1106 3220 cui
1128 3163 1194 3241 qui·

78 3269 146 3329 dem
171 3267 298 3327 consilio
316 3266 442 3329 insanus
465 3266 531 3344 ipse
548 3274 673 3344 propter
690 3266 834 3327 infandas
849 3267 1095 3348 philosophorum
1110 3269 1194 3344 inep—

79 3377 137 3435 tias
171 3382 269 3434 semet
299 3392 406 3452 parum
441 3369 701 3451 obtemperantem
728 3384 872 3454 praestat.
915 3373 1086 3434 Intercedit
1105 3393 1195 3451 porro

78 3478 179 3554 alind,
212 3478 293 3560 quod
317 3486 386 3557 post
408 3477 516 3557 dicam,
536 3498 596 3558 quo
620 3491 744 3560 paratur
767 3483 898 3557 curatio,
930 3502 1020 3563 quam
1041 3490 1195 3560 postremo

79 3610 133 3650 suo
151 3586 267 3647 iudicio
289 3586 427 3646 forenses
449 3585 621 3647 conficiunt.

163 3693 271 3771 Tetigi
294 3690 369 3772 quid
394 3691 526 3751 maxime
546 3701 689 3752 Euarmsm
713 3697 859 3757 Varronis
888 3715 1043 3755 commune
1066 3695 1106 3752 sit
1129 3715 1195 3754 cum

78 3799 231 3882 Aeschyli
265 3797 371 3858 fabula
409 3806 440 3857 et
470 3817 538 3858 eam
565 3821 656 3880 quam
684 3804 857 3886 primariam
886 3823 954 3863 esse
982 3805 1048 3862 cius
1072 3812 1196 3863 saturae

79 3919 200 3989 partem
224 3909 365 3968 existimo
380 3909 560 3987 significavi.
591 3908 681 3969 Addo
699 3908 784 3984 illud,
803 3919 873 3988 post
888 3929 926 3969 ea
941 3930 1020 3990 quae
1035 3931 1065 3988 p.
1085 3919 1134 3970 110
1150 3929 1194 3988 sq.

80 4017 237 4097 disputavi
263 4037 325 4076 non
353 4017 456 4099 inepte
486 4015 655 4076 Varronem
680 4019 778 4097 ipsum
806 4017 890 4078 credi
920 4016 975 4076 sub
1006 4016 1105 4076 insani
1126 4035 1194 4093 por-

51 4127 53 4132 ’
79 4144 156 4185 sona
178 4122 425 4184 delitescentem:
450 4125 503 4204 qui
525 4143 592 4183 eam
613 4123 713 4184 induit
732 4143 904 4203 personam,
926 4144 985 4203 quo
1006 4122 1132 4182 aliorum
1150 4121 1196 4178 in·

79 4227 212 4302 saniem,
235 4249 314 4309 quae
336 4228 422 4288 nulla
442 4228 622 4307 haberetur,
645 4232 745 4290 acrius
765 4231 984 4309 perstringeret
1006 4226 1196 4305 sanandique

18 4416 26 4425 .
80 4337 164 4414 vias,
193 4355 274 4416 quae
299 4335 450 4407 salutares
475 4337 568 4414 vulgo
590 4345 784 4415 putarentur,
807 4356 903 4396 vanas
926 4344 957 4396 et
978 4334 1105 4394 ficticias
1128 4352 1196 4392 esse
