2760 4890
539 335 794 382 corrueremus.
1203 325 1221 383 7

110 513 206 552 omnes
236 494 452 553 convenienter
479 491 511 551 id
537 493 661 572 quidem
688 494 831 553 latinitati
857 494 895 553 de
922 493 1099 553 mulieribus
1128 495 1220 552 intor-

108 608 256 680 pretatur,
281 607 489 676 argumentum
511 607 632 658 saturae
652 620 712 658 non
734 606 890 658 assecutus
911 608 966 659 est.
1012 599 1075 660 Sed
1093 599 1131 658 de
1146 599 1220 658 sede

110 716 140 767 ct
167 725 259 764 sensu
286 706 375 764 huius
402 705 564 782 fragmenti
593 725 660 764 cum
689 706 782 766 facile
810 705 974 779 concedat,
1006 708 1058 786 qui
1086 706 1219 765 indolem

110 813 174 869 eius
203 820 324 869 saturae
345 813 500 892 percepit,
532 812 570 870 de
594 811 723 870 disticho
747 812 804 871 erit
825 819 927 870 tamen
957 811 1038 891 quod
1061 811 1219 871 addubite-

109 925 172 975 tur:
204 915 324 996 quando
354 919 473 976 omnino
500 937 640 977 numeros
669 916 711 976 ibi
739 917 836 976 latere
863 936 952 975 nemo
976 917 1072 976 sensit
1097 925 1231 994 praeter-

108 1021 169 1081 Ad.
182 1023 351 1097 Kochium,
376 1024 427 1103 qui
444 1023 475 1081 in
491 1021 758 1083 exercitationibus
780 1022 892 1081 criticis
902 1044 941 1102 ·p.
960 1033 993 1086 25
1012 1022 1068 1082 has
1083 1021 1219 1082 heroico-

109 1149 175 1186 rum
195 1129 360 1208 particulas
384 1129 475 1187 eruit:

766 1236 845 1308 Erqo

262 1343 422 1415 Relipiosoe
445 1349 503 1398 tum
526 1357 629 1398 sacrae
651 1337 805 1415 castaeque
825 1343 950 1416 fuerunt

262 1450 320 1506 Res
341 1465 445 1505 omnes.

108 1587 220 1644 Parum
241 1583 439 1663 probabiliter
455 1603 504 1642 me
526 1582 643 1656 iudice,
675 1604 743 1642 cum
764 1604 821 1642 nec
848 1585 1130 1662 transpositionem,
1160 1605 1221 1664 qua

109 1692 212 1762 utitur,
236 1690 329 1747 facile
346 1689 453 1761 feram,
477 1696 507 1748 et
527 1687 685 1766 diremptio
698 1707 766 1765 erpo
779 1700 838 1749 tum
849 1691 1067 1769 particularum
1083 1699 1175 1770 atque
1191 1692 1222 1749 in

110 1795 186 1854 duos
203 1815 311 1853 versus
329 1793 499 1853 distributio
515 1794 607 1854 valde
623 1795 795 1874 displiceat.
830 1797 898 1856 Nec
915 1804 1017 1854 tamen
1037 1796 1137 1869 video,
1161 1818 1220 1876 quo

111 1903 171 1960 alio
200 1901 316 1958 leniore
348 1900 454 1973 modo,
493 1900 610 1959 seilicet
638 1901 768 1959 servatis
805 1921 884 1979 quae
913 1901 1073 1960 traduntur
1107 1901 1220 1973 verbiS,

109 2009 288 2066 hexameter
312 2004 450 2084 prodeat.
494 2005 537 2064 Ut
560 2014 611 2062 aut
633 2005 731 2063 fallax
754 2006 793 2064 sit
815 2007 871 2065 illa
892 2007 980 2064 metri
1002 2010 1138 2086 speeies,
1169 2018 1221 2068 aut

109 2113 171 2171 alia
199 2132 264 2184 ree,
299 2132 360 2169 non
389 2110 574 2169 disturbatus
604 2109 764 2169 verborum
793 2112 882 2185 ordo,
916 2132 1023 2171 versus
1053 2114 1221 2191 integritati

109 2218 249 2277 obfuerit.
294 2218 458 2276 Enimvero
481 2215 627 2276 habemus
651 2224 699 2276 sat
722 2226 821 2276 certas
840 2217 954 2275 heroici
972 2239 1079 2277 versus
1100 2228 1219 2298 partes:

108 2328 187 2400 Erpo
209 2331 267 2382 tum
282 2341 386 2381 sacrae
407 2330 436 2381 et
455 2332 608 2397 castaeque
626 2326 749 2398 fuerunt
768 2325 827 2381 Res
846 2340 949 2381 omnes.
993 2323 1111 2383 Haeret
1125 2325 1220 2384 versi-

110 2432 171 2492 culi
191 2440 278 2491 tenor
299 2432 330 2489 in
352 2433 502 2504 reliqr‘osoe
520 2450 613 2503 voce,
646 2430 694 2488 cui
723 2449 790 2488 curn
818 2449 879 2487 non
907 2429 1034 2486 multum
1058 2429 1219 2489 collocatio

109 2539 160 2598 vel
181 2537 351 2597 sententiae
372 2536 541 2594 necessitas
564 2536 684 2609 faveat,
707 2542 771 2593 turn
787 2535 910 2612 gravior
932 2533 1079 2593 dubitatio
1098 2556 1136 2595 ex
1153 2537 1219 2615 ipso

109 2644 209 2702 Nonio
238 2641 405 2713 suboritur,
437 2642 487 2721 qui
512 2642 556 2699 ita
584 2641 689 2700 scribit
710 2663 740 2720 p.
764 2649 825 2714 267,
849 2649 865 2703 6
888 2641 1017 2712 Castum,
1048 2646 1218 2717 reliqr'osum.

116 2751 192 2823 Virp.
210 2751 255 2805 lib.
279 2749 321 2805 VI
341 2750 458 2824 ‘quique
479 2752 643 2809 sacerdotes
667 2751 752 2818 costi,
781 2752 847 2806 dum
863 2751 920 2806 otto
934 2748 1085 2805 pruneret'
1128 2750 1221 2806 Vorro

111 2857 397 2914 Gerontodiduscalo:
425 2856 510 2930 ‘erqo
539 2865 597 2912 tuor
622 2872 710 2912 sacre
742 2858 892 2929 reeipiosae
918 2864 1071 2927 castaeque
1099 2854 1223 2925 fuerunt

109 2980 157 3020 res
179 2963 296 3019 emeres!
341 2964 420 3020 Idem
442 2965 471 3019 io
492 2965 718 3020 Eumenidibus:
753 2963 889 3034 ‘oramque
916 2968 1051 3019 venustos
1073 2963 1119 3017 hie
1143 2964 1223 3017 adest

108 3071 301 3144 pollentibus?
336 3085 410 3143 quoe
439 3075 520 3126 costo
549 3068 669 3127 vestist'
713 3067 833 3144 Nempe
863 3084 947 3138 eam,
986 3085 1077 3144 quam
1099 3046 1232 3123 obstare

109 3176 211 3234 versui
226 3173 373 3246 vidimus,
396 3193 503 3232 vocem
523 3173 647 3232 eNonii
665 3172 810 3231 lemmate
829 3172 862 3229 in
876 3171 1022 3231 Varronis
1039 3170 1135 3230 verba
1153 3170 1221 3229 illa·
1284 3208 1287 3223 ι

110 3290 172 3340 tam
195 3279 339 3339 arbitror:
369 3300 430 3359 qua
452 3279 591 3358 dempta,
616 3277 773 3341 commode
792 3278 858 3336 fluit
879 3278 1072 3337 hexameter:

263 3479 268 3489 .
315 3477 321 3488 .
366 3450 434 3507 erpo
456 3440 514 3490 tum
536 3448 640 3489 socroe
661 3438 815 3504 castaeque
834 3431 959 3504 fueraut

262 3541 320 3596 Res
340 3555 444 3597 emeres.

111 3675 174 3734 Sed
195 3696 233 3734 ne
256 3675 333 3734 haee
358 3673 480 3754 quidem
503 3673 700 3732 conformatio
724 3691 848 3750 prorsus
871 3672 1022 3731 satisfacit
1045 3674 1133 3745 mihi,
1158 3673 1220 3752 qui,

110 3782 240 3840 maxime
263 3778 387 3841 alterius
412 3781 545 3860 exempli
570 3779 767 3838 similitudine
795 3777 919 3852 ductus,
947 3781 1050 3838 malim
1073 3798 1140 3853 erpo
1163 3787 1221 3836 tum

109 3887 277 3966 particulas
305 3888 336 3945 in
361 3888 445 3946 initio
469 3906 576 3947 versus
601 3905 692 3965 quarn
718 3885 750 3942 in
773 3884 872 3944 medio
895 3885 967 3964 legi,
1012 3886 1053 3945 Ut
1081 3906 1097 3943 o
1123 3885 1220 3962 suspi-

109 3995 191 4052 tione
220 3992 422 4057 subnascetur
450 3992 548 4052 altera
575 3991 718 4069 suspitio,
747 4011 808 4050 non
835 3992 933 4050 solum
961 3992 1091 4050 alienam
1114 4011 1221 4049 vocem

110 4102 141 4158 in
161 4101 307 4159 Varronis
329 4098 424 4158 verba
443 4100 613 4171 invectam,
636 4096 691 4156 sed
708 4096 831 4172 eadem,
855 4106 888 4156 ut
902 4099 949 4170 fit,
973 4098 1116 4167 alteram,
1142 4114 1220 4173 quae

110 4208 175 4265 iure
190 4207 291 4265 locum
308 4205 479 4279 obtinebat,
503 4224 571 4264 esse
589 4203 728 4264 eiectam.
765 4204 914 4263 Nimirum
933 4205 977 4262 sie
998 4201 1117 4260 demum
1136 4199 1219 4258 virle·

111 4322 159 4371 tur
178 4313 299 4389 integra
321 4312 477 4390 scriptoris
502 4330 608 4369 manus
631 4311 764 4369 restitui:
