2760 4890
89 359 102 383 ⁸
160 345 220 415 tte
587 352 843 406 comperiunt.

140 529 145 536 ’
243 518 366 589 mihique
393 518 465 583 diri,
495 519 561 572 darn
589 519 652 573 stite
683 525 780 573 nostro
805 516 909 588 papiri
929 517 1014 572 interi
1036 515 1156 585 scapulo
1177 529 1278 570 nouom
1312 507 1317 512 ’

155 634 273 699 parturn
292 624 440 696 poiticon,
465 651 506 661 -

158 756 393 836 Dittogrephiec
414 775 528 834 genus,
558 777 616 836 quo
640 757 733 828 nitor,
765 755 937 816 illustrandi
960 755 1108 835 exemplis
1131 754 1278 820 alibioc·

161 864 243 924 casio
265 862 417 921 obveniet.
447 862 492 918 In.
509 861 602 920 Nonii
624 863 766 921 lemmate
789 863 871 941 quod
894 862 1037 921 scribitur
1058 881 1188 935 scapum,
1213 863 1277 940 opi-

159 970 322 1040 nationem,
346 968 435 1027 modo
460 976 595 1028 ceterum
617 971 779 1042 firmasit,
801 970 967 1045 infringere
989 970 1104 1048 nequit.
1151 971 1279 1042 Scopam

154 1081 258 1152 papiri
278 1084 379 1134 autem
398 1075 480 1155 quod
501 1077 597 1136 Varro
622 1076 694 1134 dicit
715 1095 770 1154 pro
787 1074 892 1133 charta
910 1074 961 1132 vel
978 1075 1101 1152 pagina,
1124 1075 1184 1133 hoo
1198 1094 1278 1132 nove

161 1182 249 1255 dicit,
275 1180 386 1261 papyri
417 1182 496 1239 enim
521 1201 631 1262 scapus
660 1182 711 1261 qui
741 1188 881 1250 vocetur,
902 1180 942 1268 jn
963 1178 1073 1255 vulgus
1095 1188 1201 1238 notum
1221 1190 1278 1238 est.

158 1289 300 1368 Denique
320 1297 441 1361 parturn
460 1292 592 1370 poiticon
614 1287 696 1367 quod
717 1286 791 1345 dicit
813 1284 852 1344 de
872 1286 1014 1357 carmine,
1035 1281 1206 1346 illustratur
1220 1289 1279 1347 Pe·

160 1393 250 1454 tronii
273 1393 350 1463 loco,
374 1413 432 1471 quo
457 1393 529 1472 quid
552 1393 591 1452 ad
616 1392 810 1452 efficiendum
829 1399 951 1472 poetam
974 1392 1180 1471 requireretur
1202 1391 1279 1451 indi·

162 1497 258 1569 cavit,
283 1497 347 1557 Sat.
373 1508 423 1560 118
444 1520 474 1577 p.
492 1507 546 1562 706
567 1501 685 1557 Burm:
709 1509 835 1557 ceterum
858 1515 949 1573 neque
970 1500 1137 1572 generosior
1159 1501 1281 1570 spiritus

161 1608 314 1688 venitatem
344 1613 435 1674 anat,
468 1622 560 1679 neque
587 1610 738 1679 concipere
762 1615 812 1663 out
834 1609 919 1663 edere
937 1613 1057 1678 parturn
1077 1619 1156 1659 mens
1176 1611 1280 1676 potest,

160 1714 217 1769 nisi
238 1713 346 1783 ingenti
363 1713 481 1782 flumine
501 1714 663 1769 litterarum
681 1717 831 1770 inundata.

246 1833 303 1891 His
335 1831 451 1891 duobus
473 1834 651 1910 fragmentis
675 1834 756 1914 quod
779 1835 828 1892 III
852 1832 1000 1908 adiungo,
1024 1830 1057 1888 id
1079 1836 1139 1910 quta
1162 1831 1281 1890 ratione

162 1939 289 2022 faciam,
320 1938 445 2016 patefiet
472 1958 539 1997 cum
571 1939 760 1998 emendatius
789 1938 884 1998 verba
918 1938 1078 2016 scripsero.
1125 1938 1177 1997 Sic
1201 1937 1282 1996 enim

160 2047 252 2107 Nonii
276 2045 398 2105 codices
418 2066 446 2123 p.
466 2055 526 2117 543,
552 2055 597 2106 14:
634 2048 793 2104 Vulcanum
813 2039 865 2104 uec
883 2066 951 2104 curn
975 2063 1045 2103 noae
1069 2047 1188 2117 tapoene
1210 2046 1279 2101 otta-

161 2160 226 2215 'rum
245 2158 344 2230 lipara
369 2161 413 2209 ter
436 2160 607 2223 precantur.
637 2170 726 2210 iconae
748 2162 833 2211 recte
857 2151 1023 2221 editiones,
1055 2157 1181 2227 praeter
1199 2149 1280 2227 prin·

160 2253 271 2340 'eipem,
293 2259 405 2336 inqua
426 2248 604 2314 est'naoeni.
630 2259 799 2317 Praeterea
821 2279 875 2336 pro
898 2261 995 2332 (tauro
1016 2265 1059 2313 ter
1081 2263 1128 2313 est
1143 2256 1175 2313 in
1189 2254 1280 2312 Bem-

161 2365 304 2442 bergensi
329 2368 488 2437 figurator,
518 2363 549 2421 in
576 2363 717 2422 Palatino
737 2368 906 2439 fipurantur
926 2372 978 2420 ter.
1024 2363 1050 2419 E
1074 2357 1281 2437 superioribus

162 2491 250 2533 nemo
274 2470 355 2550 quod
379 2469 474 2527 seiam
497 2469 655 2547 probabile
678 2469 750 2550 quid
774 2470 975 2548 excogitavit,
1000 2477 1030 2525 et
1052 2465 1179 2525 Oehleri
1202 2484 1280 2522 oom-

162 2586 310 2638 mentum:
341 2578 498 2634 Vulcanum
521 2595 617 2634 eccnrn
640 2593 730 2633 nouae
753 2580 769 2632 l.
795 2595 818 2632 o.
840 2579 938 2649 figura
961 2585 1005 2632 ter
1024 2595 1056 2646 p.
1079 2579 1131 2631 aut
1153 2591 1215 2648 non
1237 2569 1281 2627 in-

163 2682 276 2759 tellego
298 2690 349 2740 aut
367 2680 513 2740 absonum
536 2691 592 2740 est.
626 2682 768 2760 Repono:

255 2821 465 2884 Vulcanumne,
487 2837 551 2874 cunt
575 2836 664 2875 iconae
687 2822 806 2892 lagenae
828 2821 950 2875 atterum
968 2820 1066 2890 {iprae
1090 2810 1281 2890 [fingunturp

163 2935 207 2982 ter
225 2933 408 2998 precantur?

164 3063 224 3121 Pro
247 3063 404 3119 Vulcanum
421 3077 473 3117 nec
494 3080 558 3119 curn
579 3059 725 3119 librorum
740 3060 846 3138 scripsi
871 3061 1065 3117 Vulcanumne
1084 3074 1149 3114 curn
1170 3063 1201 3112 et
1220 3054 1283 3112 feci

164 3166 347 3228 sententium
366 3166 631 3243 interrogativam:
652 3184 742 3225 nouae
758 3170 878 3240 lagenae
895 3184 953 3245 quo
967 3183 1053 3223 suum
1067 3161 1282 3221 nancisceren-

164 3282 212 3332 tur
232 3272 451 3353 praedicatum,
474 3275 625 3346 terguntur
642 3272 765 3342 inserui,
790 3270 870 3350 quod
890 3280 920 3329 et
935 3271 980 3329 rei
999 3287 1169 3346 congruens
1188 3270 1235 3326 'est
1254 3275 1283 3326 et

163 3381 243 3439 inter
268 3384 366 3454 figure
394 3388 437 3437 ter
465 3378 557 3461 facile
582 3375 764 3435 intercidere
789 3378 895 3455 potuit.
941 3380 1038 3436 Novas
1067 3379 1187 3449 lagenas
1213 3376 1283 3431 otla-

163 3504 228 3544 rum
250 3490 348 3560 figura
376 3506 438 3543 non
460 3485 525 3543 sine
548 3483 613 3542 sale
635 3482 718 3555 dicit,
740 3483 867 3559 lagenas
890 3484 950 3541 iam
972 3485 1002 3541 in
1023 3482 1151 3541 ollarum
1175 3481 1282 3558 ampli-

164 3592 298 3652 tudinem
323 3593 453 3651 cessisse
482 3589 629 3648 indicans.
674 3591 744 3648 Non
770 3590 900 3648 alienum
928 3588 1008 3667 quod
1038 3589 1077 3647 de
1104 3589 1210 3664 lingua
1236 3564 1305 3645 la·⁰

164 3697 229 3756 tina
251 3699 301 3757 IX
323 3708 354 3758 21
380 3697 529 3777 queritur:
559 3715 652 3754 nonrte
676 3701 819 3755 inusitatis
839 3699 944 3771 formis
966 3716 1100 3754 vaserunt
1120 3697 1284 3753 recentibus

165 3822 204 3860 ecc
230 3808 353 3863 Graecia
380 3806 475 3860 attritis
503 3804 681 3860 oblitteratae
710 3808 845 3877 antiquae
870 3791 1084 3862 consuetudinis
1106 3807 1236 3860 sincrum
1257 3813 1284 3859 et

163 3913 335 3984 capularem
358 3914 486 3983 species?
532 3907 701 3967 Vulcanum
727 3910 759 3966 in
781 3907 932 3985 fingendis
958 3911 1040 3968 vasis
1072 3909 1192 3968 adorari
1222 3910 1282 3967 Ro-

166 4015 262 4073 manis
286 4013 408 4073 solitum
428 4015 533 4084 fuisse,
558 4013 630 4071 mihi
653 4013 777 4073 aliunde
794 4036 855 4073 non
879 4023 1065 4093 compertum
1088 4024 1142 4075 cst.
1179 4015 1284 4074 Utitur

165 4129 267 4181 autem
295 4120 353 4178 hoc
379 4120 517 4199 exemplo
538 4121 652 4193 Varro,
677 4141 735 4199 quo
759 4121 840 4201 quod
863 4122 928 4199 ipse
951 4123 983 4180 in
1006 4122 1157 4201 poematio
1178 4121 1282 4200 aliquo

165 4227 256 4288 deum
278 4226 406 4286 deamve
432 4225 604 4299 advocarit,
629 4249 647 4285 a
670 4228 863 4286 cavillatione
886 4227 1031 4288 vindicet.
1075 4227 1185 4285 Nonne
1208 4227 1281 4286 vo}—
1329 4242 1332 4247 ’

165 4353 289 4408 canum,
314 4334 374 4405 ait,
398 4335 429 4393 in
446 4333 595 4411 fingendis
617 4334 686 4425 ollis
710 4324 853 4394 invocare
874 4333 994 4394 solent?
1013 4332 1129 4413 =quidni
1152 4333 1224 4391 mihi
1247 4333 1305 4391 li·-
