<?xml version="1.0" encoding="UTF-8"?>
<!DOCTYPE html PUBLIC "-//W3C//DTD XHTML 1.0 Transitional//EN"
    "http://www.w3.org/TR/xhtml1/DTD/xhtml1-transitional.dtd">
<html xmlns="http://www.w3.org/1999/xhtml" xml:lang="en" lang="en">
 <head>
  <title>
</title>
<meta http-equiv="Content-Type" content="text/html;charset=utf-8" />
  <meta name='ocr-system' content='tesseract 3.04.00' />
  <meta name='ocr-capabilities' content='ocr_page ocr_carea ocr_par ocr_line ocrx_word'/>
</head>
<body>
  <div class='ocr_page' id='page_1' title='image "./ioannisvahlenii00vahlgoog_0026.png"; bbox 0 0 2760 4890; ppageno 0'>
   <div class='ocr_carea' id='block_1_1' title="bbox 556 335 811 385">
    <p class='ocr_par' dir='ltr' id='par_1_1' title="bbox 556 335 811 385">
     <span class='ocr_line' id='line_1_1' title="bbox 556 335 811 385; baseline -0.004 -1"><span class='ocrx_word' id='word_1_1' title='bbox 556 335 811 385; x_wconf 71' lang='lat' dir='ltr'>comeranus.</span> 
     </span>
    </p>
   </div>
   <div class='ocr_carea' id='block_1_2' title="bbox 132 495 828 575">
    <p class='ocr_par' dir='ltr' id='par_1_2' title="bbox 132 495 828 575">
     <span class='ocr_line' id='line_1_2' title="bbox 132 495 828 575; baseline -0.001 -18"><span class='ocrx_word' id='word_1_2' title='bbox 132 498 172 558; x_wconf 88' lang='lat' dir='ltr'>cf.</span> <span class='ocrx_word' id='word_1_3' title='bbox 194 498 323 557; x_wconf 88' lang='lat' dir='ltr'>Pacuvii</span> <span class='ocrx_word' id='word_1_4' title='bbox 342 496 455 556; x_wconf 80' lang='lat' dir='ltr'>Teucri</span> <span class='ocrx_word' id='word_1_5' title='bbox 477 495 516 560; x_wconf 82' lang='lat' dir='ltr'>fr.</span> <span class='ocrx_word' id='word_1_6' title='bbox 537 496 554 554; x_wconf 93' lang='lat' dir='ltr'>I</span> <span class='ocrx_word' id='word_1_7' title='bbox 572 516 603 575; x_wconf 86' lang='lat' dir='ltr'>p.</span> <span class='ocrx_word' id='word_1_8' title='bbox 623 505 656 560; x_wconf 82' lang='lat'>97</span> <span class='ocrx_word' id='word_1_9' title='bbox 677 495 828 556; x_wconf 80' lang='lat' dir='ltr'><strong>Ribbeck.</strong></span> 
     </span>
    </p>
   </div>
   <div class='ocr_carea' id='block_1_3' title="bbox 284 621 927 707">
    <p class='ocr_par' dir='ltr' id='par_1_3' title="bbox 284 621 927 707">
     <span class='ocr_line' id='line_1_3' title="bbox 284 621 927 707; baseline -0.002 -16"><span class='ocrx_word' id='word_1_10' title='bbox 284 633 406 707; x_wconf 81' lang='lat' dir='ltr'>Squale‘s</span> <span class='ocrx_word' id='word_1_11' title='bbox 423 634 596 706; x_wconf 68' lang='lat' dir='ltr'>securesque</span> <span class='ocrx_word' id='word_1_12' title='bbox 616 621 725 691; x_wconf 67' lang='lat' dir='ltr'>inculto</span> <span class='ocrx_word' id='word_1_13' title='bbox 746 635 927 691; x_wconf 73' lang='lat' dir='ltr'>vastitudine.</span> 
     </span>
    </p>
   </div>
   <div class='ocr_carea' id='block_1_4' title="bbox 83 784 1244 1074">
    <p class='ocr_par' dir='ltr' id='par_1_4' title="bbox 83 784 1244 1074">
     <span class='ocr_line' id='line_1_4' title="bbox 132 784 1244 864; baseline -0.002 -18"><span class='ocrx_word' id='word_1_14' title='bbox 132 786 175 846; x_wconf 88' lang='lat' dir='ltr'>Ut</span> <span class='ocrx_word' id='word_1_15' title='bbox 192 784 365 846; x_wconf 83' lang='lat' dir='ltr'>Meinekius</span> <span class='ocrx_word' id='word_1_16' title='bbox 394 786 543 858; x_wconf 77' lang='lat' dir='ltr'>(Zeitscur.</span> <span class='ocrx_word' id='word_1_17' title='bbox 563 787 588 858; x_wconf 84' lang='lat' dir='ltr'>s.</span> <span class='ocrx_word' id='word_1_18' title='bbox 608 787 675 842; x_wconf 48' lang='lat' dir='ltr'>Alta</span> <span class='ocrx_word' id='word_1_19' title='bbox 692 787 776 843; x_wconf 82' lang='lat' dir='ltr'>Wiss.</span> <span class='ocrx_word' id='word_1_20' title='bbox 801 793 867 847; x_wconf 76' lang='lat'>1845</span> <span class='ocrx_word' id='word_1_21' title='bbox 889 806 919 844; x_wconf 90' lang='lat' dir='ltr'>n.</span> <span class='ocrx_word' id='word_1_22' title='bbox 941 785 987 864; x_wconf 80' lang='lat'>93)</span> <span class='ocrx_word' id='word_1_23' title='bbox 1016 786 1081 844; x_wconf 84' lang='lat' dir='ltr'>iure</span> <span class='ocrx_word' id='word_1_24' title='bbox 1101 784 1244 844; x_wconf 84' lang='lat' dir='ltr'>videatur</span> 
     </span>
     <span class='ocr_line' id='line_1_5' title="bbox 83 890 1242 986; baseline -0.003 -34"><span class='ocrx_word' id='word_1_25' title='bbox 83 975 90 986; x_wconf 37' lang='lat'><em>·</em></span> <span class='ocrx_word' id='word_1_26' title='bbox 130 890 301 952; x_wconf 86' lang='lat' dir='ltr'>Ribbeckio</span> <span class='ocrx_word' id='word_1_27' title='bbox 323 893 344 950; x_wconf 92' lang='lat' dir='ltr'>l.</span> <span class='ocrx_word' id='word_1_28' title='bbox 369 900 405 950; x_wconf 91' lang='lat' dir='ltr'>c.&#39;</span> <span class='ocrx_word' id='word_1_29' title='bbox 417 891 509 970; x_wconf 86' lang='lat' dir='ltr'>paulo</span> <span class='ocrx_word' id='word_1_30' title='bbox 532 890 694 950; x_wconf 85' lang='lat' dir='ltr'>violentius</span> <span class='ocrx_word' id='word_1_31' title='bbox 724 890 816 949; x_wconf 82' lang='lat' dir='ltr'>ctiam</span> <span class='ocrx_word' id='word_1_32' title='bbox 842 891 946 968; x_wconf 89' lang='lat' dir='ltr'>priora</span> <span class='ocrx_word' id='word_1_33' title='bbox 967 891 1113 951; x_wconf 84' lang='lat' dir='ltr'><strong>Varronis</strong></span> <span class='ocrx_word' id='word_1_34' title='bbox 1136 893 1167 950; x_wconf 94' lang='lat' dir='ltr'>in</span> <span class='ocrx_word' id='word_1_35' title='bbox 1189 912 1242 950; x_wconf 91' lang='lat' dir='ltr'>nu-</span> 
     </span>
     <span class='ocr_line' id='line_1_6' title="bbox 130 998 405 1074; baseline 0 -19"><span class='ocrx_word' id='word_1_36' title='bbox 130 1017 229 1056; x_wconf 90' lang='lat' dir='ltr'>meros</span> <span class='ocrx_word' id='word_1_37' title='bbox 252 998 405 1074; x_wconf 72' lang='lat' dir='ltr'>coegisse:</span> 
     </span>
    </p>
   </div>
   <div class='ocr_carea' id='block_1_5' title="bbox 283 1133 826 1208">
    <p class='ocr_par' dir='ltr' id='par_1_5' title="bbox 283 1133 826 1208">
     <span class='ocr_line' id='line_1_7' title="bbox 283 1133 826 1208; baseline -0.002 -18"><span class='ocrx_word' id='word_1_38' title='bbox 283 1134 360 1208; x_wconf 74' lang='lat' dir='ltr'>Aye&#39;r</span> <span class='ocrx_word' id='word_1_39' title='bbox 381 1133 595 1206; x_wconf 68' lang='lat' dir='ltr'>relinqueretur</span> <span class='ocrx_word' id='word_1_40' title='bbox 614 1139 641 1189; x_wconf 83' lang='lat' dir='ltr'>et</span> <span class='ocrx_word' id='word_1_41' title='bbox 658 1133 826 1206; x_wconf 78' lang='lat' dir='ltr'>perbr&#39;teret.</span> 
     </span>
    </p>
   </div>
   <div class='ocr_carea' id='block_1_6' title="bbox 132 1267 857 1349">
    <p class='ocr_par' dir='ltr' id='par_1_6' title="bbox 132 1267 857 1349">
     <span class='ocr_line' id='line_1_8' title="bbox 132 1267 857 1349; baseline 0 -21"><span class='ocrx_word' id='word_1_42' title='bbox 132 1271 161 1328; x_wconf 87' lang='lat' dir='ltr'><strong>A</strong></span> <span class='ocrx_word' id='word_1_43' title='bbox 184 1271 298 1328; x_wconf 87' lang='lat' dir='ltr'>comico</span> <span class='ocrx_word' id='word_1_44' title='bbox 319 1277 470 1349; x_wconf 83' lang='lat' dir='ltr'>sumptum</span> <span class='ocrx_word' id='word_1_45' title='bbox 490 1267 588 1327; x_wconf 87' lang='lat' dir='ltr'>videri</span> <span class='ocrx_word' id='word_1_46' title='bbox 609 1275 759 1324; x_wconf 74' lang='lat' dir='ltr'>Asarsoms</span> <span class='ocrx_word' id='word_1_47' title='bbox 783 1267 820 1327; x_wconf 86' lang='lat' dir='ltr'>fr.</span> <span class='ocrx_word' id='word_1_48' title='bbox 840 1277 857 1328; x_wconf 76' lang='lat'><strong>4</strong></span> 
     </span>
    </p>
   </div>
   <div class='ocr_carea' id='block_1_7' title="bbox 283 1421 1039 1817">
    <p class='ocr_par' dir='ltr' id='par_1_7' title="bbox 283 1421 1039 1600">
     <span class='ocr_line' id='line_1_9' title="bbox 284 1421 1039 1494; baseline -0.003 -14"><span class='ocrx_word' id='word_1_49' title='bbox 284 1424 360 1492; x_wconf 81' lang='lat' dir='ltr'>Quid</span> <span class='ocrx_word' id='word_1_50' title='bbox 380 1424 534 1480; x_wconf 73' lang='lat' dir='ltr'><em>tristiorem</em></span> <span class='ocrx_word' id='word_1_51' title='bbox 557 1421 638 1479; x_wconf 76' lang='lat' dir='ltr'>oz&#39;deo</span> <span class='ocrx_word' id='word_1_52' title='bbox 659 1429 686 1479; x_wconf 85' lang='lat' dir='ltr'>te</span> <span class='ocrx_word' id='word_1_53' title='bbox 707 1438 769 1479; x_wconf 83' lang='lat' dir='ltr'>esse</span> <span class='ocrx_word' id='word_1_54' title='bbox 790 1440 876 1494; x_wconf 83' lang='lat' dir='ltr'>quam</span> <span class='ocrx_word' id='word_1_55' title='bbox 894 1421 1039 1490; x_wconf 68' lang='lat' dir='ltr'>(inridier,</span> 
     </span>
     <span class='ocr_line' id='line_1_10' title="bbox 283 1526 900 1600; baseline -0.003 -14"><span class='ocrx_word' id='word_1_56' title='bbox 283 1527 462 1600; x_wconf 71' lang='lat' dir='ltr'>Lampridio?</span> <span class='ocrx_word' id='word_1_57' title='bbox 483 1531 622 1600; x_wconf 71' lang='lat' dir='ltr'>reumquid</span> <span class='ocrx_word' id='word_1_58' title='bbox 637 1526 797 1600; x_wconf 70' lang='lat' dir='ltr'>familiaris</span> <span class='ocrx_word' id='word_1_59' title='bbox 816 1527 900 1600; x_wconf 78' lang='lat' dir='ltr'>filius</span> 
     </span>
    </p>

    <p class='ocr_par' dir='ltr' id='par_1_8' title="bbox 283 1634 974 1817">
     <span class='ocr_line' id='line_1_11' title="bbox 283 1634 908 1710; baseline -0.003 -18"><span class='ocrx_word' id='word_1_60' title='bbox 283 1634 368 1692; x_wconf 75' lang='grc' dir='ltr'><em>Ααιάί</em></span> <span class='ocrx_word' id='word_1_61' title='bbox 390 1651 442 1706; x_wconf 73' lang='lat' dir='ltr'>nec</span> <span class='ocrx_word' id='word_1_62' title='bbox 463 1651 530 1708; x_wconf 80' lang='lat' dir='ltr'>spes</span> <span class='ocrx_word' id='word_1_63' title='bbox 551 1642 594 1692; x_wconf 81' lang='lat' dir='ltr'>est</span> <span class='ocrx_word' id='word_1_64' title='bbox 615 1637 710 1693; x_wconf 79' lang='grc' dir='ltr'><em>αιἰαιῖἱί</em></span> <span class='ocrx_word' id='word_1_65' title='bbox 731 1634 908 1710; x_wconf 61' lang='lat' dir='ltr'>argentaria,</span> 
     </span>
     <span class='ocr_line' id='line_1_12' title="bbox 283 1741 974 1817; baseline 0 -20"><span class='ocrx_word' id='word_1_66' title='bbox 283 1741 407 1813; x_wconf 73' lang='lat' dir='ltr'>Ideoque</span> <span class='ocrx_word' id='word_1_67' title='bbox 429 1746 566 1815; x_wconf 80' lang='lat' dir='ltr'>scapulae</span> <span class='ocrx_word' id='word_1_68' title='bbox 589 1741 717 1800; x_wconf 70' lang='lat' dir='ltr'>metuunt</span> <span class='ocrx_word' id='word_1_69' title='bbox 739 1741 974 1817; x_wconf 71' lang='lat' dir='ltr'>oiryinde&#39;mium?</span> 
     </span>
    </p>
   </div>
   <div class='ocr_carea' id='block_1_8' title="bbox 132 1890 1246 2504">
    <p class='ocr_par' dir='ltr' id='par_1_9' title="bbox 132 1890 1246 2504">
     <span class='ocr_line' id='line_1_13' title="bbox 132 1890 1244 1972; baseline -0.002 -20"><span class='ocrx_word' id='word_1_70' title='bbox 132 1904 216 1952; x_wconf 86' lang='lat' dir='ltr'>recte</span> <span class='ocrx_word' id='word_1_71' title='bbox 245 1891 392 1950; x_wconf 84' lang='lat' dir='ltr'>iudicavit</span> <span class='ocrx_word' id='word_1_72' title='bbox 420 1890 625 1965; x_wconf 86' lang='lat' dir='ltr'>Ribbcekius,</span> <span class='ocrx_word' id='word_1_73' title='bbox 657 1894 708 1972; x_wconf 90' lang='lat' dir='ltr'>qui</span> <span class='ocrx_word' id='word_1_74' title='bbox 737 1891 818 1972; x_wconf 86' lang='lat' dir='ltr'>quod</span> <span class='ocrx_word' id='word_1_75' title='bbox 847 1912 899 1951; x_wconf 89' lang='lat' dir='ltr'>eos</span> <span class='ocrx_word' id='word_1_76' title='bbox 926 1911 1033 1951; x_wconf 88' lang='lat' dir='ltr'>versus</span> <span class='ocrx_word' id='word_1_77' title='bbox 1063 1892 1244 1950; x_wconf 81' lang='lat' dir='ltr'>comicorum</span> 
     </span>
     <span class='ocr_line' id='line_1_14' title="bbox 132 1996 1244 2076; baseline -0.001 -19"><span class='ocrx_word' id='word_1_78' title='bbox 132 1998 268 2076; x_wconf 87' lang='lat' dir='ltr'>reliquiis</span> <span class='ocrx_word' id='word_1_79' title='bbox 298 2018 328 2075; x_wconf 88' lang='lat' dir='ltr'>p.</span> <span class='ocrx_word' id='word_1_80' title='bbox 357 2006 401 2057; x_wconf 89' lang='lat' dir='ltr'>lll</span> <span class='ocrx_word' id='word_1_81' title='bbox 432 1996 609 2076; x_wconf 78' lang='lat' dir='ltr'>adscripsit,</span> <span class='ocrx_word' id='word_1_82' title='bbox 639 2019 707 2057; x_wconf 90' lang='lat' dir='ltr'>non</span> <span class='ocrx_word' id='word_1_83' title='bbox 732 1997 849 2057; x_wconf 84' lang='lat' dir='ltr'>debent·</span> <span class='ocrx_word' id='word_1_84' title='bbox 871 2005 973 2056; x_wconf 86' lang='lat' dir='ltr'>tamen</span> <span class='ocrx_word' id='word_1_85' title='bbox 1003 2017 1019 2055; x_wconf 90' lang='lat' dir='ltr'>e</span> <span class='ocrx_word' id='word_1_86' title='bbox 1047 1998 1244 2057; x_wconf 87' lang='lat' dir='ltr'>Varronianis</span> 
     </span>
     <span class='ocr_line' id='line_1_15' title="bbox 132 2102 1246 2181; baseline 0.001 -19"><span class='ocrx_word' id='word_1_87' title='bbox 132 2102 259 2162; x_wconf 83' lang='lat' dir='ltr'>secludi·</span> <span class='ocrx_word' id='word_1_88' title='bbox 304 2103 348 2162; x_wconf 85' lang='lat' dir='ltr'>Ut</span> <span class='ocrx_word' id='word_1_89' title='bbox 368 2120 490 2160; x_wconf 90' lang='lat' dir='ltr'>versum</span> <span class='ocrx_word' id='word_1_90' title='bbox 512 2103 685 2162; x_wconf 86' lang='lat' dir='ltr'>Plautinum</span> <span class='ocrx_word' id='word_1_91' title='bbox 706 2103 771 2162; x_wconf 91' lang='lat' dir='ltr'>Mil.</span> <span class='ocrx_word' id='word_1_92' title='bbox 788 2102 872 2163; x_wconf 85' lang='lat' dir='ltr'>Glor.</span> <span class='ocrx_word' id='word_1_93' title='bbox 891 2111 958 2176; x_wconf 79' lang='lat'><strong>322,</strong></span> <span class='ocrx_word' id='word_1_94' title='bbox 976 2102 1028 2181; x_wconf 90' lang='lat' dir='ltr'>qui</span> <span class='ocrx_word' id='word_1_95' title='bbox 1048 2104 1079 2160; x_wconf 91' lang='lat' dir='ltr'>in</span> <span class='ocrx_word' id='word_1_96' title='bbox 1099 2111 1246 2163; x_wconf 66' lang='lat' dir='ltr'>Annianus</span> 
     </span>
     <span class='ocr_line' id='line_1_16' title="bbox 132 2208 1244 2286; baseline 0.001 -18"><span class='ocrx_word' id='word_1_97' title='bbox 132 2210 279 2268; x_wconf 85' lang='lat' dir='ltr'>Varronis</span> <span class='ocrx_word' id='word_1_98' title='bbox 303 2209 340 2267; x_wconf 89' lang='lat' dir='ltr'>fr.</span> <span class='ocrx_word' id='word_1_99' title='bbox 362 2217 379 2267; x_wconf 74' lang='lat' dir='ltr'>‘i</span> <span class='ocrx_word' id='word_1_100' title='bbox 404 2208 469 2268; x_wconf 88' lang='lat' dir='ltr'>fere</span> <span class='ocrx_word' id='word_1_101' title='bbox 499 2209 607 2270; x_wconf 87' lang='lat' dir='ltr'>eadem</span> <span class='ocrx_word' id='word_1_102' title='bbox 634 2212 732 2268; x_wconf 89' lang='lat' dir='ltr'>forma</span> <span class='ocrx_word' id='word_1_103' title='bbox 749 2209 908 2286; x_wconf 88' lang='lat' dir='ltr'>vulgatur,</span> <span class='ocrx_word' id='word_1_104' title='bbox 933 2228 991 2268; x_wconf 90' lang='lat' dir='ltr'>nec</span> <span class='ocrx_word' id='word_1_105' title='bbox 1009 2209 1139 2269; x_wconf 89' lang='lat' dir='ltr'>Varroni</span> <span class='ocrx_word' id='word_1_106' title='bbox 1161 2210 1244 2269; x_wconf 87' lang='lat' dir='ltr'>abiu·</span> 
     </span>
     <span class='ocr_line' id='line_1_17' title="bbox 134 2314 1246 2390; baseline 0.003 -18"><span class='ocrx_word' id='word_1_107' title='bbox 134 2314 300 2373; x_wconf 89' lang='lat' dir='ltr'>dicaverim</span> <span class='ocrx_word' id='word_1_108' title='bbox 333 2315 548 2390; x_wconf 78' lang='lat' dir='ltr'>confidentius,</span> <span class='ocrx_word' id='word_1_109' title='bbox 590 2337 648 2377; x_wconf 90' lang='lat' dir='ltr'>nec</span> <span class='ocrx_word' id='word_1_110' title='bbox 680 2316 872 2377; x_wconf 78' lang='lat' dir='ltr'>Varroniano</span> <span class='ocrx_word' id='word_1_111' title='bbox 904 2323 1046 2374; x_wconf 86' lang='lat' dir='ltr'>accurate</span> <span class='ocrx_word' id='word_1_112' title='bbox 1076 2315 1116 2374; x_wconf 89' lang='lat' dir='ltr'>ad</span> <span class='ocrx_word' id='word_1_113' title='bbox 1144 2317 1246 2375; x_wconf 85' lang='lat' dir='ltr'>Plauti</span> 
     </span>
     <span class='ocr_line' id='line_1_18' title="bbox 132 2413 1246 2504; baseline 0 -24"><span class='ocrx_word' id='word_1_114' title='bbox 132 2442 254 2480; x_wconf 87' lang='lat' dir='ltr'>versum</span> <span class='ocrx_word' id='word_1_115' title='bbox 283 2421 518 2481; x_wconf 87' lang='lat' dir='ltr'>efformaverim:</span> <span class='ocrx_word' id='word_1_116' title='bbox 554 2423 591 2482; x_wconf 90' lang='lat' dir='ltr'>de</span> <span class='ocrx_word' id='word_1_117' title='bbox 618 2445 678 2504; x_wconf 88' lang='lat' dir='ltr'>qna</span> <span class='ocrx_word' id='word_1_118' title='bbox 707 2445 740 2484; x_wconf 91' lang='lat' dir='ltr'>re</span> <span class='ocrx_word' id='word_1_119' title='bbox 769 2424 809 2481; x_wconf 86' lang='lat' dir='ltr'>cf.</span> <span class='ocrx_word' id='word_1_120' title='bbox 834 2413 937 2480; x_wconf 86' lang='lat' dir='ltr'>tamen</span> <span class='ocrx_word' id='word_1_121' title='bbox 958 2440 1038 2501; x_wconf 87' lang='lat' dir='ltr'>quae</span> <span class='ocrx_word' id='word_1_122' title='bbox 1059 2421 1246 2480; x_wconf 83' lang='lat' dir='ltr'>Ritschelius</span> 
     </span>
    </p>
   </div>
   <div class='ocr_carea' id='block_1_9' title="bbox 134 2527 1344 2609">
    <p class='ocr_par' dir='ltr' id='par_1_10' title="bbox 134 2527 1344 2609">
     <span class='ocr_line' id='line_1_19' title="bbox 134 2527 1344 2609; baseline -0.002 -23"><span class='ocrx_word' id='word_1_123' title='bbox 134 2530 254 2607; x_wconf 81' lang='lat' dir='ltr'>scripsit</span> <span class='ocrx_word' id='word_1_124' title='bbox 276 2528 313 2586; x_wconf 91' lang='lat' dir='ltr'>de</span> <span class='ocrx_word' id='word_1_125' title='bbox 331 2529 421 2589; x_wconf 85' lang='lat' dir='ltr'>Varr.</span> <span class='ocrx_word' id='word_1_126' title='bbox 446 2529 673 2609; x_wconf 88' lang='lat' dir='ltr'>disciplinarum</span> <span class='ocrx_word' id='word_1_127' title='bbox 693 2530 777 2589; x_wconf 87' lang='lat' dir='ltr'>libris</span> <span class='ocrx_word' id='word_1_128' title='bbox 798 2551 828 2609; x_wconf 90' lang='lat' dir='ltr'>p.</span> <span class='ocrx_word' id='word_1_129' title='bbox 848 2537 890 2592; x_wconf 84' lang='lat'>17.</span> <span class='ocrx_word' id='word_1_130' title='bbox 924 2528 1105 2587; x_wconf 85' lang='lat' dir='ltr'>Mittonunc</span> <span class='ocrx_word' id='word_1_131' title='bbox 1123 2527 1193 2598; x_wconf 87' lang='lat' dir='ltr'>alia,</span> <span class='ocrx_word' id='word_1_132' title='bbox 1214 2527 1245 2584; x_wconf 94' lang='lat' dir='ltr'>in</span> <span class='ocrx_word' id='word_1_133' title='bbox 1342 2600 1344 2602; x_wconf 12' lang='lat' dir='ltr'>v</span> 
     </span>
    </p>
   </div>
   <div class='ocr_carea' id='block_1_10' title="bbox 110 2634 1246 3026">
    <p class='ocr_par' dir='ltr' id='par_1_11' title="bbox 110 2634 1246 3026">
     <span class='ocr_line' id='line_1_20' title="bbox 133 2634 1246 2716; baseline -0.001 -24"><span class='ocrx_word' id='word_1_134' title='bbox 133 2634 242 2715; x_wconf 88' lang='lat' dir='ltr'>quibus</span> <span class='ocrx_word' id='word_1_135' title='bbox 255 2636 353 2716; x_wconf 84' lang='lat' dir='ltr'>Varro</span> <span class='ocrx_word' id='word_1_136' title='bbox 372 2637 438 2714; x_wconf 90' lang='lat' dir='ltr'>ipse</span> <span class='ocrx_word' id='word_1_137' title='bbox 458 2657 544 2696; x_wconf 85' lang='lat' dir='ltr'>suum</span> <span class='ocrx_word' id='word_1_138' title='bbox 562 2638 701 2696; x_wconf 85' lang='lat' dir='ltr'>laudavit</span> <span class='ocrx_word' id='word_1_139' title='bbox 718 2645 882 2706; x_wconf 85' lang='lat' dir='ltr'>auctorem,</span> <span class='ocrx_word' id='word_1_140' title='bbox 904 2642 937 2694; x_wconf 80' lang='lat' dir='ltr'>u&#39;t</span> <span class='ocrx_word' id='word_1_141' title='bbox 957 2641 1246 2692; x_wconf 69' lang='lat' dir='ltr'>rmommmmnom</span> 
     </span>
     <span class='ocr_line' id='line_1_21' title="bbox 110 2741 1245 2819; baseline 0.006 -25"><span class='ocrx_word' id='word_1_142' title='bbox 110 2788 112 2794; x_wconf 94' lang='lat'>.</span> <span class='ocrx_word' id='word_1_143' title='bbox 133 2741 169 2801; x_wconf 84' lang='lat' dir='ltr'>fr.</span> <span class='ocrx_word' id='word_1_144' title='bbox 194 2751 225 2803; x_wconf 79' lang='lat'>12</span> <span class='ocrx_word' id='word_1_145' title='bbox 248 2750 279 2799; x_wconf 82' lang='lat' dir='ltr'>et</span> <span class='ocrx_word' id='word_1_146' title='bbox 300 2748 410 2799; x_wconf 73' lang='lat' dir='ltr'>Bruanor</span> <span class='ocrx_word' id='word_1_147' title='bbox 431 2743 472 2802; x_wconf 61' lang='lat' dir='ltr'>fr,</span> <span class='ocrx_word' id='word_1_148' title='bbox 488 2752 522 2805; x_wconf 75' lang='lat'>25</span> <span class='ocrx_word' id='word_1_149' title='bbox 540 2745 682 2819; x_wconf 81' lang='lat' dir='ltr'>Ennium,</span> <span class='ocrx_word' id='word_1_150' title='bbox 703 2752 900 2802; x_wconf 69' lang='lat' dir='ltr'>Anonononom</span> <span class='ocrx_word' id='word_1_151' title='bbox 923 2742 959 2800; x_wconf 85' lang='lat' dir='ltr'>fr.</span> <span class='ocrx_word' id='word_1_152' title='bbox 976 2751 992 2805; x_wconf 90' lang='grc'><strong>6</strong></span> <span class='ocrx_word' id='word_1_153' title='bbox 1009 2742 1151 2801; x_wconf 86' lang='lat' dir='ltr'>Plautum</span> <span class='ocrx_word' id='word_1_154' title='bbox 1173 2763 1245 2801; x_wconf 76' lang='lat' dir='ltr'>erin-</span> 
     </span>
     <span class='ocr_line' id='line_1_22' title="bbox 134 2827 1245 2925; baseline 0.001 -20"><span class='ocrx_word' id='word_1_155' title='bbox 134 2847 264 2925; x_wconf 88' lang='lat' dir='ltr'>demque</span> <span class='ocrx_word' id='word_1_156' title='bbox 291 2853 376 2918; x_wconf 68' lang='grc' dir='ltr'><em>Τιφιιι</em></span> <span class='ocrx_word' id='word_1_157' title='bbox 404 2827 546 2906; x_wconf 76' lang='lat' dir='ltr'>Manmnor</span> <span class='ocrx_word' id='word_1_158' title='bbox 572 2849 609 2906; x_wconf 88' lang='lat' dir='ltr'>fr.</span> <span class='ocrx_word' id='word_1_159' title='bbox 634 2858 665 2911; x_wconf 84' lang='lat'>6:</span> <span class='ocrx_word' id='word_1_160' title='bbox 694 2853 733 2906; x_wconf 85' lang='lat' dir='ltr'>ne</span> <span class='ocrx_word' id='word_1_161' title='bbox 756 2868 774 2905; x_wconf 88' lang='lat' dir='ltr'>a</span> <span class='ocrx_word' id='word_1_162' title='bbox 796 2847 914 2924; x_wconf 84' lang='lat' dir='ltr'>graecis</span> <span class='ocrx_word' id='word_1_163' title='bbox 934 2847 1056 2924; x_wconf 88' lang='lat' dir='ltr'>quidem</span> <span class='ocrx_word' id='word_1_164' title='bbox 1076 2849 1174 2925; x_wconf 67' lang='lat' dir='ltr'>poetis</span> <span class='ocrx_word' id='word_1_165' title='bbox 1194 2847 1245 2906; x_wconf 91' lang='lat' dir='ltr'>ab·</span> 
     </span>
     <span class='ocr_line' id='line_1_23' title="bbox 133 2934 820 3026; baseline 0.003 -15"><span class='ocrx_word' id='word_1_166' title='bbox 133 2954 254 3026; x_wconf 80' lang='lat' dir='ltr'>stinuit,</span> <span class='ocrx_word' id='word_1_167' title='bbox 282 2962 315 3011; x_wconf 88' lang='lat' dir='ltr'>ut</span> <span class='ocrx_word' id='word_1_168' title='bbox 339 2960 416 3010; x_wconf 76' lang='lat' dir='ltr'>Pario</span> <span class='ocrx_word' id='word_1_169' title='bbox 441 2961 526 3011; x_wconf 73' lang='lat' dir='ltr'>emm</span> <span class='ocrx_word' id='word_1_170' title='bbox 551 2955 624 3013; x_wconf 69' lang='lat' dir='ltr'>fni</span> <span class='ocrx_word' id='word_1_171' title='bbox 819 2934 820 2938; x_wconf 10' lang='grc' dir='ltr'><strong>Ἰ</strong></span> 
     </span>
    </p>
   </div>
   <div class='ocr_carea' id='block_1_11' title="bbox 286 3109 1248 3291">
    <p class='ocr_par' dir='ltr' id='par_1_12' title="bbox 286 3109 1248 3291">
     <span class='ocr_line' id='line_1_24' title="bbox 394 3109 1248 3165; baseline 0 -1"><span class='ocrx_word' id='word_1_172' title='bbox 394 3141 434 3148; x_wconf 88' lang='lat'>-—</span> <span class='ocrx_word' id='word_1_173' title='bbox 456 3110 661 3165; x_wconf 75' lang='lat' dir='ltr'>obtrectatores</span> <span class='ocrx_word' id='word_1_174' title='bbox 681 3111 723 3164; x_wconf 79' lang='lat' dir='ltr'>tui</span> <span class='ocrx_word' id='word_1_175' title='bbox 743 3109 799 3164; x_wconf 81' lang='lat' dir='ltr'>iam</span> <span class='ocrx_word' id='word_1_176' title='bbox 820 3124 896 3162; x_wconf 81' lang='lat' dir='ltr'>ntcnc</span> <span class='ocrx_word' id='word_1_177' title='bbox 914 3117 1128 3164; x_wconf 66' lang='lat' dir='ltr'>noser-moronus</span> <span class='ocrx_word' id='word_1_178' title='bbox 1150 3111 1248 3164; x_wconf 75' lang='lat' dir='ltr'>diczent</span> 
     </span>
     <span class='ocr_line' id='line_1_25' title="bbox 286 3200 898 3291; baseline -0.002 -23"><span class='ocrx_word' id='word_1_179' title='bbox 286 3205 474 3288; x_wconf 79' lang='grc' dir='ltr'><em>Μωμήσεταί</em></span> <span class='ocrx_word' id='word_1_180' title='bbox 491 3233 534 3283; x_wconf 83' lang='grc' dir='ltr'>τις</span> <span class='ocrx_word' id='word_1_181' title='bbox 557 3212 669 3289; x_wconf 78' lang='grc' dir='ltr'><em>μᾶλλον</em></span> <span class='ocrx_word' id='word_1_182' title='bbox 691 3200 711 3287; x_wconf 72' lang='grc' dir='ltr'><strong><em>ἦ</em></strong></span> <span class='ocrx_word' id='word_1_183' title='bbox 734 3202 898 3291; x_wconf 77' lang='grc' dir='ltr'><em>μιμήσεται.</em></span> 
     </span>
    </p>
   </div>
   <div class='ocr_carea' id='block_1_12' title="bbox 134 3363 1247 3544">
    <p class='ocr_par' dir='ltr' id='par_1_13' title="bbox 134 3363 1247 3544">
     <span class='ocr_line' id='line_1_26' title="bbox 134 3363 1247 3438; baseline -0.002 -16"><span class='ocrx_word' id='word_1_184' title='bbox 134 3365 207 3423; x_wconf 91' lang='lat' dir='ltr'>Alia</span> <span class='ocrx_word' id='word_1_185' title='bbox 234 3367 364 3424; x_wconf 84' lang='lat' dir='ltr'>maxime</span> <span class='ocrx_word' id='word_1_186' title='bbox 391 3366 581 3425; x_wconf 89' lang='lat' dir='ltr'>Menandrea</span> <span class='ocrx_word' id='word_1_187' title='bbox 608 3365 796 3425; x_wconf 84' lang='lat' dir='ltr'>Meinekium</span> <span class='ocrx_word' id='word_1_188' title='bbox 824 3367 1036 3438; x_wconf 82' lang='lat' dir='ltr'>adverterunt,</span> <span class='ocrx_word' id='word_1_189' title='bbox 1072 3373 1105 3422; x_wconf 85' lang='lat' dir='ltr'>ut</span> <span class='ocrx_word' id='word_1_190' title='bbox 1132 3366 1164 3422; x_wconf 91' lang='lat' dir='ltr'>in</span> <span class='ocrx_word' id='word_1_191' title='bbox 1190 3363 1247 3421; x_wconf 86' lang='lat' dir='ltr'>hac</span> 
     </span>
     <span class='ocr_line' id='line_1_27' title="bbox 134 3470 1063 3544; baseline 0.003 -17"><span class='ocrx_word' id='word_1_192' title='bbox 134 3478 249 3544; x_wconf 84' lang='lat' dir='ltr'>satura,</span> <span class='ocrx_word' id='word_1_193' title='bbox 275 3473 322 3529; x_wconf 90' lang='lat' dir='ltr'>cui</span> <span class='ocrx_word' id='word_1_194' title='bbox 344 3470 517 3531; x_wconf 87' lang='lat' dir='ltr'>inscribitur</span> <span class='ocrx_word' id='word_1_195' title='bbox 544 3480 630 3529; x_wconf 74' lang='lat' dir='ltr'>Erras</span> <span class='ocrx_word' id='word_1_196' title='bbox 654 3479 675 3528; x_wconf 89' lang='lat' dir='ltr'><strong>H</strong></span> <span class='ocrx_word' id='word_1_197' title='bbox 697 3480 794 3530; x_wconf 68' lang='lat' dir='ltr'>Aonio</span> <span class='ocrx_word' id='word_1_198' title='bbox 816 3479 852 3527; x_wconf 85' lang='lat' dir='ltr'>To</span> <span class='ocrx_word' id='word_1_199' title='bbox 877 3477 963 3527; x_wconf 76' lang='lat' dir='ltr'>Hom</span> <span class='ocrx_word' id='word_1_200' title='bbox 988 3471 1025 3529; x_wconf 89' lang='lat' dir='ltr'>fr.</span> <span class='ocrx_word' id='word_1_201' title='bbox 1051 3480 1063 3530; x_wconf 95' lang='lat' dir='ltr'>l</span> 
     </span>
    </p>
   </div>
   <div class='ocr_carea' id='block_1_13' title="bbox 218 3609 1250 3792">
    <p class='ocr_par' dir='ltr' id='par_1_14' title="bbox 218 3609 1250 3792">
     <span class='ocr_line' id='line_1_28' title="bbox 218 3609 1250 3681; baseline -0.002 -17"><span class='ocrx_word' id='word_1_202' title='bbox 218 3610 280 3680; x_wconf 74' lang='lat' dir='ltr'>Eyo</span> <span class='ocrx_word' id='word_1_203' title='bbox 302 3624 378 3665; x_wconf 79' lang='lat' dir='ltr'>unus</span> <span class='ocrx_word' id='word_1_204' title='bbox 399 3612 505 3666; x_wconf 79' lang='lat' dir='ltr'>scilicet</span> <span class='ocrx_word' id='word_1_205' title='bbox 533 3612 716 3681; x_wconf 80' lang='lat' dir='ltr'>antiquorum</span> <span class='ocrx_word' id='word_1_206' title='bbox 745 3609 890 3666; x_wconf 76' lang='lat' dir='ltr'>hominum</span> <span class='ocrx_word' id='word_1_207' title='bbox 914 3609 1060 3665; x_wconf 79' lang='lat' dir='ltr'>subductis</span> <span class='ocrx_word' id='word_1_208' title='bbox 1087 3609 1250 3678; x_wconf 81' lang='lat' dir='ltr'>superciliis</span> 
     </span>
     <span class='ocr_line' id='line_1_29' title="bbox 219 3708 716 3792; baseline -0.004 -19"><span class='ocrx_word' id='word_1_209' title='bbox 219 3719 329 3773; x_wconf 83' lang='lat' dir='ltr'>dicam:</span> <span class='ocrx_word' id='word_1_210' title='bbox 358 3708 502 3792; x_wconf 79' lang='grc' dir='ltr'><em>γαμήσεις</em></span> <span class='ocrx_word' id='word_1_211' title='bbox 529 3713 604 3778; x_wconf 70' lang='grc' dir='ltr'>νοῦν</span> <span class='ocrx_word' id='word_1_212' title='bbox 632 3708 716 3788; x_wconf 69' lang='grc' dir='ltr'><strong><em>ἔχων.</em></strong></span> 
     </span>
    </p>
   </div>
   <div class='ocr_carea' id='block_1_14' title="bbox 132 3833 1249 4249">
    <p class='ocr_par' dir='ltr' id='par_1_15' title="bbox 132 3833 1249 4249">
     <span class='ocr_line' id='line_1_30' title="bbox 134 3833 1249 3929; baseline -0.004 -21"><span class='ocrx_word' id='word_1_213' title='bbox 134 3849 182 3908; x_wconf 80' lang='lat' dir='ltr'>cf.</span> <span class='ocrx_word' id='word_1_214' title='bbox 205 3850 367 3910; x_wconf 85' lang='lat' dir='ltr'>Menandri</span> <span class='ocrx_word' id='word_1_215' title='bbox 387 3871 495 3910; x_wconf 89' lang='lat' dir='ltr'>versus</span> <span class='ocrx_word' id='word_1_216' title='bbox 523 3849 605 3929; x_wconf 90' lang='lat' dir='ltr'>apud</span> <span class='ocrx_word' id='word_1_217' title='bbox 628 3848 822 3908; x_wconf 85' lang='lat' dir='ltr'>Athenaeum</span> <span class='ocrx_word' id='word_1_218' title='bbox 847 3870 877 3928; x_wconf 86' lang='lat' dir='ltr'>p.</span> <span class='ocrx_word' id='word_1_219' title='bbox 899 3859 950 3912; x_wconf 84' lang='lat'>559</span> <span class='ocrx_word' id='word_1_220' title='bbox 969 3848 1005 3907; x_wconf 84' lang='grc' dir='ltr'>Ε.</span> <span class='ocrx_word' id='word_1_221' title='bbox 1027 3833 1063 3906; x_wconf 74' lang='grc' dir='ltr'>οὗ</span> <span class='ocrx_word' id='word_1_222' title='bbox 1085 3851 1187 3925; x_wconf 82' lang='grc' dir='ltr'><em>γαμεῖς</em></span> <span class='ocrx_word' id='word_1_223' title='bbox 1211 3833 1249 3903; x_wconf 75' lang='lat' dir='ltr'>riv</span> 
     </span>
     <span class='ocr_line' id='line_1_31' title="bbox 132 3953 1248 4038; baseline -0.004 -26"><span class='ocrx_word' id='word_1_224' title='bbox 132 3956 207 4015; x_wconf 83' lang='grc' dir='ltr'><strong><em>νοῦν</em></strong></span> <span class='ocrx_word' id='word_1_225' title='bbox 228 3953 294 4038; x_wconf 77' lang='grc' dir='ltr'><strong><em>ἔχῃς</em></strong></span> <span class='ocrx_word' id='word_1_226' title='bbox 317 3979 343 4018; x_wconf 86' lang='lat' dir='ltr'>e.</span> <span class='ocrx_word' id='word_1_227' title='bbox 368 3980 397 4038; x_wconf 88' lang='lat' dir='ltr'>q.</span> <span class='ocrx_word' id='word_1_228' title='bbox 420 3980 443 4018; x_wconf 80' lang='lat' dir='ltr'>s,</span> <span class='ocrx_word' id='word_1_229' title='bbox 472 3959 555 4017; x_wconf 88' lang='lat' dir='ltr'>Men.</span> <span class='ocrx_word' id='word_1_230' title='bbox 576 3957 685 4032; x_wconf 85' lang='lat' dir='ltr'>fragm.</span> <span class='ocrx_word' id='word_1_231' title='bbox 706 3977 737 4035; x_wconf 88' lang='lat' dir='ltr'>p.</span> <span class='ocrx_word' id='word_1_232' title='bbox 758 3963 773 4018; x_wconf 89' lang='grc'><strong>7</strong></span> <span class='ocrx_word' id='word_1_233' title='bbox 797 3954 845 4012; x_wconf 89' lang='lat' dir='ltr'>ed.</span> <span class='ocrx_word' id='word_1_234' title='bbox 868 3954 941 4013; x_wconf 91' lang='lat' dir='ltr'>Did.</span> <span class='ocrx_word' id='word_1_235' title='bbox 985 3954 1032 4013; x_wconf 82' lang='lat' dir='ltr'>cf.</span> <span class='ocrx_word' id='word_1_236' title='bbox 1058 3965 1248 4012; x_wconf 66' lang='lat' dir='ltr'>sanissimos</span> 
     </span>
     <span class='ocr_line' id='line_1_32' title="bbox 132 4059 1248 4139; baseline -0.004 -18"><span class='ocrx_word' id='word_1_237' title='bbox 132 4065 171 4123; x_wconf 86' lang='lat' dir='ltr'>fr.</span> <span class='ocrx_word' id='word_1_238' title='bbox 195 4076 208 4126; x_wconf 95' lang='lat' dir='ltr'>l</span> <span class='ocrx_word' id='word_1_239' title='bbox 236 4072 266 4123; x_wconf 84' lang='lat' dir='ltr'>et</span> <span class='ocrx_word' id='word_1_240' title='bbox 288 4071 373 4135; x_wconf 75' lang='grc' dir='ltr'><em>Τιφιιι</em></span> <span class='ocrx_word' id='word_1_241' title='bbox 394 4071 537 4139; x_wconf 74' lang='lat' dir='ltr'>Manrnnov</span> <span class='ocrx_word' id='word_1_242' title='bbox 558 4064 595 4122; x_wconf 86' lang='lat' dir='ltr'>fr.</span> <span class='ocrx_word' id='word_1_243' title='bbox 619 4073 649 4124; x_wconf 91' lang='lat' dir='ltr'>ll</span> <span class='ocrx_word' id='word_1_244' title='bbox 676 4070 706 4121; x_wconf 88' lang='lat' dir='ltr'>et</span> <span class='ocrx_word' id='word_1_245' title='bbox 729 4071 771 4122; x_wconf 75' lang='lat'>12.</span> <span class='ocrx_word' id='word_1_246' title='bbox 816 4061 883 4119; x_wconf 87' lang='lat' dir='ltr'>Nee</span> <span class='ocrx_word' id='word_1_247' title='bbox 905 4060 966 4119; x_wconf 92' lang='lat' dir='ltr'>alia</span> <span class='ocrx_word' id='word_1_248' title='bbox 987 4062 1103 4120; x_wconf 87' lang='lat' dir='ltr'>ratione</span> <span class='ocrx_word' id='word_1_249' title='bbox 1127 4061 1184 4118; x_wconf 87' lang='lat' dir='ltr'>hoc</span> <span class='ocrx_word' id='word_1_250' title='bbox 1211 4059 1248 4117; x_wconf 80' lang='lat' dir='ltr'>de</span> 
     </span>
     <span class='ocr_line' id='line_1_33' title="bbox 134 4171 488 4249; baseline 0.014 -26"><span class='ocrx_word' id='word_1_251' title='bbox 134 4176 219 4226; x_wconf 73' lang='lat' dir='ltr'>Manio</span> <span class='ocrx_word' id='word_1_252' title='bbox 241 4172 278 4229; x_wconf 73' lang='lat' dir='ltr'>ii.</span> <span class='ocrx_word' id='word_1_253' title='bbox 302 4180 334 4232; x_wconf 84' lang='lat'>13</span> <span class='ocrx_word' id='word_1_254' title='bbox 355 4171 488 4249; x_wconf 83' lang='lat' dir='ltr'>accipie:</span> 
     </span>
    </p>
   </div>
   <div class='ocr_carea' id='block_1_15' title="bbox 176 4303 1206 4379">
    <p class='ocr_par' dir='ltr' id='par_1_16' title="bbox 176 4303 1206 4379">
     <span class='ocr_line' id='line_1_34' title="bbox 176 4303 1206 4379; baseline -0.003 -17"><span class='ocrx_word' id='word_1_255' title='bbox 176 4310 303 4364; x_wconf 78' lang='lat' dir='ltr'>Alterum</span> <span class='ocrx_word' id='word_1_256' title='bbox 322 4310 390 4363; x_wconf 84' lang='lat' dir='ltr'>bene</span> <span class='ocrx_word' id='word_1_257' title='bbox 410 4315 558 4379; x_wconf 69' lang='lat' dir='ltr'>(cereptum</span> <span class='ocrx_word' id='word_1_258' title='bbox 577 4311 703 4363; x_wconf 79' lang='lat' dir='ltr'>dormire</span> <span class='ocrx_word' id='word_1_259' title='bbox 722 4303 823 4379; x_wconf 77' lang='lat' dir='ltr'>‘super</span> <span class='ocrx_word' id='word_1_260' title='bbox 842 4307 1008 4377; x_wconf 72' lang='grc' dir='ltr'><em>ιιιαραίιαρα</em></span> <span class='ocrx_word' id='word_1_261' title='bbox 1024 4307 1093 4361; x_wconf 76' lang='lat' dir='ltr'>bene</span> <span class='ocrx_word' id='word_1_262' title='bbox 1109 4303 1206 4360; x_wconf 81' lang='lat' dir='ltr'>molli.&#39;</span> 
     </span>
    </p>
   </div>
   <div class='ocr_carea' id='block_1_16' title="bbox 0 0 1387 4890">
    <p class='ocr_par' dir='ltr' id='par_1_17' title="bbox 0 0 1387 4890">
     <span class='ocr_line' id='line_1_35' title="bbox 0 0 1387 4890; baseline 0 0"><span class='ocrx_word' id='word_1_263' title='bbox 0 0 1387 4890; x_wconf 95' lang='lat' dir='ltr'> </span> 
     </span>
    </p>
   </div>
  </div>
 </body>
</html>
