2760 4890
491 349 748 399 conmortuus.
881 374 884 381 ·
1120 336 1175 397 121

58 509 263 570 conformatio
294 529 332 570 ex
359 510 404 570 eis
427 509 582 587 colligitur
602 529 682 589 qnae
704 531 734 588 p.
758 520 809 573 116
830 508 942 568 monui.
986 507 1090 587 Quare
1113 525 1180 567 cum

58 617 159 696 ipsam
183 614 366 677 sententiam
390 623 539 675 certatam
561 636 628 677 esse
648 616 785 690 arbitror,
808 617 899 675 etiam
919 615 1060 689 numeris,
1080 615 1106 673 si
1128 615 1181 695 qni

58 723 193 796 inerant,
208 742 270 783 non
285 731 347 784 tam
363 722 564 783 disturbatum
578 724 737 787 verborum
754 723 889 783 ordinem
906 743 996 803 qnam
1011 722 1180 780 mutilatam

59 838 92 889 et
114 830 293 890 lacunosam
316 829 482 889 orationem
505 831 613 891 obesse
637 832 712 890 mihi
733 829 913 911 persuadeo.
952 831 989 888 In
1009 830 1086 892 fr.,8
1107 826 1181 908 quid

59 935 241 1014 displiceat,
271 912 457 1014 supradixi.
497 937 565 997 Nec
586 947 688 998 tamen
710 939 816 1016 negari
844 943 961 1014 potest,
989 943 1087 994 certos
1110 934 1179 1024 illo·

57 1064 126 1103 rum
147 1042 308 1104 verborum
324 1062 465 1112 numeros
482 1043 522 1103 ad
537 1065 626 1105 aures
643 1045 769 1119 cadere,
792 1045 879 1104 velut
893 1044 971 1103 alter
990 1062 1092 1101 eorum
1112 1060 1179 1099 ver·

58 1167 147 1207 suum
171 1167 228 1206 sna
248 1157 371 1227 sponte,
399 1151 464 1211 sive
487 1157 621 1236 molim'ssc
640 1153 706 1212 sive
729 1150 810 1231 quod
833 1150 935 1211 malim
956 1152 1115 1207 moenioissc
1130 1166 1178 1204 re-

23 1241 27 1248 ’
57 1255 210 1335 posueris,
232 1258 369 1336 emergit.
398 1258 467 1319 Nec
488 1260 520 1318 in
541 1260 631 1319 tertio
648 1279 707 1318 non
723 1259 890 1318 tolerabilis
912 1265 958 1317 est
972 1248 1026 1314 illa
1042 1260 1179 1333 trinepo-

57 1363 131 1423 sitio
149 1362 326 1423 traditorum
343 1367 413 1423 bona
430 1372 556 1440 corporis
576 1372 708 1426 seculum.
731 1367 854 1426 Haerco
877 1362 1022 1445 imprimis
1042 1362 1074 1420 in
1094 1358 1181 1419 initio
1212 1363 1218 1369 ”

38 1464 238 1548 ‘fragmenti
266 1491 366 1552 aquo
389 1473 481 1532 nolim
504 1476 616 1532 Zenona
635 1456 764 1532 dormam
787 1471 973 1550 abstergeri,
995 1477 1030 1529 ut
1049 1470 1180 1528 fortasse

17 1565 28 1581 ”
59 1577 226 1636 trochaicis
247 1580 429 1656 septenariis
450 1581 650 1658 praemissum
675 1578 767 1638 fuerit
795 1579 877 1638 alind
907 1599 1003 1656 genus
1026 1597 1180 1648 versuum,

60 1703 100 1742 ex
122 1704 185 1764 quo
204 1692 324 1744 restant
342 1684 440 1744 haee:

570 1804 710 1880 undisque
730 1808 801 1863 viam
823 1806 947 1862 Zendnc.

59 1938 157 1999 Multo
177 1939 301 2000 minoris
320 1938 394 2008 fidei
416 1949 463 2000 cst
484 1940 557 2000 mihi
580 1941 702 2021 quidem
723 1942 812 2014 ratio,
840 1961 900 2020 qua
920 1939 1001 1999 idem
1019 1921 1194 2018 Roeperus⁰

59 2044 96 2131 ir.
120 2055 151 2118 l,
174 2043 213 2104 de
234 2067 294 2125 qno
316 2045 456 2123 diximus,
482 2054 551 2104 Περι
570 2055 709 2105 Annorum
733 2048 861 2107 senariis
884 2046 1058 2124 descripsit:
1105 2048 1109 2052 ’

214 2184 306 2241 Porro
328 2184 446 2241 indeed
467 2204 522 2243 uno
542 2188 646 2261 quique
665 2187 780 2258 compito
797 2189 856 2242 vioe

216 2291 326 2347 Ternas
346 2280 552 2369 [deterrumum
573 2294 706 2367 equibu'
725 2295 851 2366 stapulas
872 2291 977 2348 e'xitum
997 2307 1031 2344 oc
1131 2371 1133 2375 Ι

216 2398 297 2454 Telo's
317 2397 418 2457 habent
432 2403 592 2471 proprium.
622 2420 640 2456 α
655 2399 752 2474 primo
774 2400 890 2472 compito'
912 2400 983 2454 viam

213 2502 308 2560 Munit
329 2505 470 2578 Epicurus
489 2506 651 2564 dextimcm.
694 2567 699 2574 ,

61 2635 201 2714 Quorum
227 2657 385 2712 versuum,
413 2639 445 2698 in
474 2641 583 2720 quibus
611 2642 686 2721 ipsis
711 2647 780 2698 sunt
807 2627 887 2718 quae
915 2637 1100 2715 displiceant
1129 2633 1181 2712 (de

62 2763 96 2802 oc
126 2746 160 2804 in
189 2744 250 2804 tine
276 2764 385 2805 versus
408 2747 446 2804 ef.
466 2767 496 2826 p.
520 2757 555 2809 24
575 2747 652 2827 sq.),
685 2748 787 2808 nullus
811 2749 877 2806 sine
900 2747 1003 2825 aliquo
1027 2743 1181 2802 molimine

62 2849 191 2929 prodiit,
228 2871 297 2910 cum
326 2860 444 2926 tamen,
480 2855 618 2935 exceptis
654 2855 817 2913 levissimis
850 2851 1031 2934 quibusdam
1067 2851 1180 2910 discre-

56 2958 194 3037 pandis,
225 2959 258 3018 in
284 2959 410 3036 vulgata
440 2961 601 3033 memoria,
629 2961 759 3018 maxime
788 2961 820 3017 in
847 2958 1066 3018 vocabulorum
1088 2957 1180 3015 eollo.

63 3065 343 3138 catione,·dnorum
364 3067 626 3145 grammaticorum
649 3068 741 3126 Nonii
766 3065 808 3145 (p.
832 3074 882 3138 94,
908 3064 955 3141 27)
979 3072 1009 3123 et
1031 3065 1181 3124 Prisciani

63 3167 128 3248 (lib.
151 3171 204 3231 ΙΠ
224 3192 255 3251 p.
278 3181 313 3237 98
333 3171 455 3252 Hertz.)
482 3174 655 3232 testimonia
677 3173 875 3231 consentiant.
924 3170 1015 3230 Onius
1038 3172 1085 3229 vis
1110 3191 1179 3229 con·

63 3295 171 3335 sensus
202 3297 264 3336 non
297 3260 420 3357 prorsus
450 3299 486 3338 eo
515 3280 668 3352 elevatur,
707 3279 789 3357 quod
814 3277 1180 3353 Priscianns‘sumpsisse

64 3382 239 3461 exemplum
266 3403 283 3443 e
309 3384 410 3444 Nonio
436 3387 547 3463 possit,
573 3386 658 3443 cuius
680 3385 790 3442 horrea
808 3381 958 3462 quomode
977 3381 1104 3440 subinde
1128 3403 1179 3440 ex·

63 3486 165 3566 pilarit
186 3488 254 3562 ille,
283 3506 379 3570 nuper
394 3489 582 3551 memorabili
606 3491 744 3569 exemplo
766 3492 808 3548 M.
831 3490 950 3547 Hertzii
970 3487 1122 3546 subtilitas
1145 3486 1179 3544 il-

63 3592 206 3652 lustravit
227 3594 379 3675 Philologi
401 3598 450 3657 XI
472 3619 502 3676 p.
526 3606 578 3660 593
596 3617 662 3677 sqq.
708 3597 752 3655 Ut
773 3616 812 3666 ne
833 3595 910 3653 illud
932 3592 1070 3675 quidem,
1098 3593 1180 3671 quod

64 3700 241 3759 Priscianus
263 3704 377 3781 pariter
400 3704 572 3781 acsNonius
596 3704 797 3778 fragmentum
815 3721 831 3760 e
852 3702 990 3761 Varrone
1012 3695 1079 3776 περὶ
1100 3696 1179 3771 αἱρέ-

65 3820 138 3865 σεων
158 3809 273 3881 citavit,
299 3828 355 3886 per
378 3829 410 3867 se
432 3809 558 3867 multum
581 3808 626 3865 illi
646 3808 801 3866 titulorum
825 3808 1075 3884 conglutinationi
1091 3807 1179 3865 obsit.
1213 3797 1221 3810 ’

65 3913 145 3990 Ergo
175 3933 243 3972 cum
271 3914 368 3975 nolint
396 3912 492 3975 verba
517 3915 594 3972 ultro
628 3933 770 3972 numeros
799 3916 952 3993 recipere,
985 3934 1024 3973 ne
1053 3914 1180 3972 invitum

64 4019 234 4078 Varronem
258 4020 397 4080 versibus
422 4021 568 4081 incedere
590 4041 751 4098 cogamus,
773 4031 916 4080 maneant
936 4018 1100 4099 pedestria.
1138 4017 1179 4076 Il-

63 4124 114 4183 lud
144 4124 241 4198 addo,
270 4128 301 4185 in
327 4127 374 4185 his
403 4148 483 4207 quae
511 4136 580 4186 sunt
603 4131 712 4186 exitum
737 4147 772 4185 ac
794 4123 874 4197 τέλος
895 4147 956 4185 non
979 4146 1046 4185 esse
1067 4125 1179 4203 simpli-

65 4233 139 4321 citer
163 4253 231 4292 cnm
251 4231 385 4293 Oehlero
408 4234 607 4313 tautologiam
630 4230 871 4311 agnoscendam:
891 4235 1030 4293 nimirum
1054 4253 1120 4290 cum
1141 4231 1180 4289 de

45 4337 121 4397 ,fine
149 4339 217 4400 sive
244 4361 359 4400 summo
383 4341 463 4401 bono
486 4350 557 4418 aget
577 4341 692 4413 Varro,
721 4341 799 4400 ludit
818 4340 1015 4418 ambiguitate
1033 4340 1117 4397 vocis
1136 4334 1179 4395 τέ-
