2760 4890
201 316 281 409 2221
631 359 886 408 carmennum.
947 434 953 455 ι

201 518 260 590 111,
295 536 353 605 quo
384 517 553 576 Varronem
582 517 632 576 vel
662 517 769 576 eodem
798 517 968 578 sententiae
999 518 1113 578 ambitu
1145 538 1318 578 sermonem

201 623 358 683 miscuisse
382 622 519 682 versibus
542 625 708 696 firmarem,
738 623 812 681 licet
833 644 882 682 rcs
902 624 969 704 ipsa
989 647 1050 684 non
1073 625 1221 699 diluatur,
1258 626 1317 684 hoc

201 728 324 809 quidem
346 728 483 806 exemplo
507 731 550 787 uti
572 749 633 786 non
657 727 814 787 debuerim
835 750 865 808 p.
887 738 931 793 72.

285 835 374 914 Quae
394 856 424 913 p.
448 843 480 897 67
504 833 542 892 (10
563 834 720 894 vocabulis
744 834 906 911 dactylicis
927 837 1063 896 trochaei
1084 837 1154 896 loco
1177 839 1209 895 in
1224 852 1317 897 versu

199 944 306 1021 positis
330 942 401 1014 dixi,
428 961 465 999 ca
479 961 527 999 me
544 941 645 999 docuit
659 941 880 1000 Fleckeisenus
896 943 941 1001 ita
955 924 1071 1017 valere,
1094 951 1128 1001 ut
1145 943 1211 1002 eius
1226 963 1316 1021 prae.-

201 1049 283 1125 cepti
300 1048 450 1106 severitas
472 1055 589 1106 tantum
612 1047 699 1106 modo
721 1068 739 1105 a
759 1028 1317 1127 00111010001010000010010011000

201 1162 291 1212 esset.
323 1152 476 1231 Quocirca
493 1160 699 1212 Kocuororrrac
721 1155 758 1212 fr.
780 1165 793 1215 1
811 1155 976 1227 octonaria,
993 1175 1083 1233 quam
1098 1153 1231 1232 exempli
1247 1173 1316 1229 gra·

198 1258 241 1317 tia
268 1261 426 1337 proposui,
461 1280 602 1319 mensura
627 1243 750 1338 probari
765 1280 837 1338 ,non
857 1269 973 1340 potest,
999 1262 1075 1320 nihil
1099 1269 1199 1319 autem
1221 1260 1316 1318 offen·
1344 1290 1348 1295 ·

199 1366 292 1424 sionis
311 1364 405 1424 habet
427 1365 508 1444 quod
528 1366 783 1426 initiotrochaici
806 1366 914 1455 admisi
933 1369 1059 1427 Boe'tere
1080 1371 1179 1424 iussit:
1201 1366 1233 1423 in
1255 1385 1316 1445 quo

199 1469 281 1550 quod
307 1473 421 1547 baetere
448 1472 556 1550 scripsi
581 1493 636 1551 pro
665 1474 789 1551 vrdgato
811 1477 943 1532 11010000
964 1472 1185 1549 Bambcrgensi
1208 1471 1317 1531 codice

200 1584 349 1655 sumptum
377 1585 439 1649 est,
470 1579 554 1636 cuius
577 1578 692 1658 aliquot
714 1580 879 1658 scripturas
901 1578 982 1637 idem
1006 1579 1231 1638 Fleckeisenus
1252 1599 1316 1637 me-

201 1702 268 1740 cum
291 1685 533 1746 communicavit.
566 1684 651 1763 Quas
674 1684 755 1764 quod
776 1706 837 1743 non
855 1704 958 1744 omnes
973 1686 1149 1764 perscripsi,
1172 1707 1234 1744 non
1251 1706 1316 1743 ma-

199 1788 245 1864 gis
267 1788 339 1846 mihi
361 1790 435 1847 vitio
458 1799 609 1863 vertetur,
639 1804 728 1869 quam
753 1790 835 1871 quod
856 1809 894 1848 ne
913 1790 1097 1870 reliquorum
1118 1792 1242 1872 quidem
1265 1813 1316 1850 co·
1356 1812 1358 1817 ·

199 1893 300 1952 dicum
321 1896 501 1955 varietatem
522 1896 691 1976 scripturae
715 1898 850 1956 exhausi.

284 2002 461 2079 Significavi
482 2002 624 2075 subinde,
649 2002 673 2062 si
696 2002 769 2081 quid
787 2004 885 2062 Varro
910 2023 949 2062 ex
972 2003 1192 2083 antiquioribus
1214 2003 1317 2084 poetis

198 2109 329 2169 romanis
358 2116 509 2167 mutuatus
531 2108 708 2167 videbatur:
737 2128 775 2167 ex
798 2130 857 2189 quo
878 2130 1002 2188 genere,
1022 2111 1072 2189 qui
1095 2110 1201 2170 dedita
1221 2130 1317 2189 opera

197 2215 403 2293 inquisiverit„
431 2235 492 2273 non
515 2214 618 2273 dubito
641 2214 711 2293 quin
732 2213 825 2271 multo
847 2216 935 2293 plura
958 2219 1095 2296 proferre
1116 2217 1223 2295 possit.
1262 2215 1315 2273 In·

197 2322 286 2380 terim
312 2318 461 2381 ascribam
490 2323 581 2397 duos,
605 2341 679 2403 quos
702 2320 923 2381 Fleckeiscnus
952 2323 1024 2381 mihi
1043 2322 1206 2393 indicavit,
1230 2321 1316 2379 locos

197 2427 357 2486 Plautinos
378 2447 395 2485 a
416 2426 554 2484 Varrone
576 2426 606 2484 in
627 2429 738 2486 saturis
760 2426 926 2487 adhibitos:
950 2429 1029 2488 Rud.
1055 2427 1148 2507 (113,
1174 2427 1221 2506 32)
1245 2437 1314 2490 362:

842 2548 932 2620 periit
949 2553 1084 2622 potamio,
1107 2548 1225 2621 opinor:
1326 2607 1329 2616 ,

350 2655 502 2726 Neptunus
524 2656 634 2726 mayrois
653 2655 766 2726 poculis
787 2656 841 2710 boc
864 2655 945 2711 001010
967 2671 1031 2710 eum
1052 2655 1190 2712 invitcioit.

197 2786 268 2846 coll.
290 2792 469 2852 Susooromxrs
492 2788 529 2851 ir.
551 2797 583 2849 15
604 2807 634 2865 p·
658 2797 722 2850 102:

348 2925 449 2996 Ipsum
469 2923 582 2981 rioldum
602 2926 666 2981 vino
687 2923 807 3025 10011001
822 2923 914 2997 poclis
935 2916 1015 2998 ldrqc
1036 2933 1122 2998 atque
1140 2925 1269 2999 deniqne.

196 3057 386 3118 Menaechm.
409 3056 454 3135 (ΙΙ
476 3069 502 3132 3,
525 3058 568 3137 18)
585 3068 657 3122 368:
679 3063 729 3118 ubi
749 3062 832 3129 zober,
855 3064 920 3118 licet
941 3065 985 3117 ire
1007 3064 1168 3120 0001111100

197 3161 253 3242 (sic
281 3164 483 3240 Bitschelius3
518 3164 600 3222 libri:
638 3168 688 3224 ubi
718 3169 794 3225 lubet
822 3167 929 3240 (libet),
962 3170 1005 3223 ire
1041 3170 1106 3225 licet
1138 3171 1309 3242 accubitum)

197 3269 373 3344 0011110110
391 3277 534 3330 Mrsrnnor
556 3271 592 3329 fr.
612 3272 674 3330 VII
688 3293 718 3351 p.
736 3283 798 3334 150:
821 3271 881 3330 ‘ubi
897 3275 980 3342 lubet,
997 3276 1040 3330 ire
1055 3276 1120 3332 licet
1138 3273 1310 3332 accubitum'

196 3390 321 3452 accepto,
346 3388 463 3439 strenue
485 3383 654 3438 sussilimus.
699 3377 761 3438 Ubi
783 3378 854 3438 inde
879 3377 1077 3457 quodllarrc
1096 3379 1199 3439 verbis
1219 3381 1310 3441 Plau-

194 3484 266 3542 tinis
295 3487 388 3545 utitur
414 3487 542 3546 forsitan
570 3484 707 3544 nonnihil
726 3484 872 3563 praesidii
896 3503 983 3543 meae
1005 3485 1171 3563 opinationi
1195 3496 1311 3560 accepto

195 3590 332 3650 accedat.

278 3698 373 3757 Porro
400 3698 621 3758 Fleckeisenus
645 3702 803 3751 Perusinas
829 3696 865 3756 fr.
889 3698 935 3757 VI
959 3695 1000 3776 (8)
1030 3718 1060 3777 p.
1082 3705 1115 3760 47
1140 3700 1312 3778 suspicatur

195 3801 267 3860 olim
287 3805 419 3863 numeris
444 3814 624 3883 conceptum
646 3803 750 3876 fuisse,
775 3824 851 3883 quos
871 3812 973 3862 tamen
995 3803 1067 3862 mihi
1087 3791 1222 3864 nondum
1240 3826 1309 3864 con-

194 3906 262 3984 tigit
283 3915 316 3966 ut
337 3928 565 3988 recuperarem,
593 3916 650 3967 neb
676 3916 760 3967 recte
783 3908 824 3967 ibi
845 3913 1024 3984 intellegeres
1045 3910 1226 3991 imperfecto
1247 3911 1310 3988 legi

195 4010 365 4073 arbitratur.
440 4022 443 4030 '
1036 4016 1038 4023 '

279 4121 421 4200 Denique
447 4121 527 4180 idem
554 4144 615 4181 non
642 4125 707 4182 sine
736 4125 853 4182 ratione
886 4124 1004 4184 dubitat
1029 4124 1067 4183 de
1091 4128 1193 4182 milvus
1214 4122 1309 4202 bisyl·

194 4224 275 4299 labo,
299 4225 379 4305 quod
400 4247 429 4305 p.
451 4236 500 4289 106
520 4227 693 4309 Rocperum
715 4238 836 4290 secutus
859 4230 890 4286 in
914 4229 1080 4288 Sotadeum
1102 4212 1227 4288 admisi}
1250 4249 1310 4288 nec

134 4367 144 4373 -
195 4332 274 4389 enim
300 4332 359 4390 nisi
386 4332 546 4413 aliquoties
570 4356 589 4395 a
616 4336 776 4415 dactylicis
800 4338 899 4416 poetis
923 4335 961 4395 ob
982 4336 1070 4395 metri
1090 4339 1309 4397 necessitatem
