2760 4890
525 331 781 380 conracusuns.
1154 319 1206 381 131

88 493 244 552 'Nimirum
274 491 460 553 consimilem
494 490 648 570 quandam
677 493 825 549 rationem
856 492 936 551 inter
962 497 1151 554 Sesomuuxru
1182 500 1212 551 et

91 608 230 658 Bismeuu
258 608 376 658 saturas
405 589 612 657 Varronianas
634 600 845 659 intercessisse
871 598 998 658 arbitror
1020 609 1113 678 atque
1134 600 1213 657 inter

13 686 15 691 Ι
91 706 216 766 Horatii
246 713 385 785 quartam
421 712 452 762 et
481 703 630 763 decimam
663 705 752 785 primi
780 714 948 764 saturarum
975 704 1054 764 libri.
1107 710 1211 768 Sesem-

91 834 190 870 mrxru
222 821 324 870 autem
356 830 442 870 suum
478 830 546 868 cum
580 812 737 871 vindicare
764 811 802 870 ab
829 810 1054 870 insimulatione
1080 809 1211 881 studeat,

91 938 156 978 non
174 921 219 978 ita
241 918 369 978 obscure
386 919 446 978 iam
457 920 655 998 intellegitur,
680 939 732 976 cur
747 938 780 977 se
794 939 855 976 non
870 919 939 976 ficto
956 917 1011 976 sed
1026 937 1099 976 vero
1115 917 1213 975 Marci

69 1010 235 1098 momine,
269 1043 328 1084 nec
361 1036 395 1083 ut
424 1026 489 1083 illic
524 1025 758 1106 sesquialterum
787 1023 841 1082 sed
870 1022 1023 1127 duplicem
1051 1022 1211 1099 significet.

92 1131 163 1190 Nec
197 1139 301 1190 taumn
333 1133 365 1190 in
397 1133 456 1192 hac
489 1131 674 1192 defendendi
712 1131 839 1190 materia
874 1129 1046 1189 substitisse
1076 1135 1212 1185 3111111111

94 1235 199 1310 credo,
223 1235 345 1316 quaudo
373 1246 478 1297 extant
498 1240 659 1319 reliquiae,
690 1257 769 1317 quae
792 1257 859 1296 eum
882 1236 1039 1316 epularum
1062 1235 1213 1294 luxuriam

92 1324 265 1402 etruriam
285 1343 366 1403 vitae
387 1343 543 1406 libidinem
566 1347 741 1423 exagitasse
762 1343 855 1403 fidem
876 1343 1000 1402 faciant.
1045 1342 1093 1400 Ae
1115 1342 1214 1421 potuit

92 1448 147 1507 vel
169 1445 208 1505 ab
230 1467 288 1506 usu
306 1438 427 1527 τρόπων
449 1452 600 1512 rhetorico
623 1461 747 1533 propter
768 1451 854 1509 vocis
873 1448 1212 1526 ambiguitatemfacile

93 1555 256 1613 transitum
278 1553 437 1615 admones
460 1557 517 1617 sibi
538 1579 663 1637 parare,
690 1555 944 1636 quemadmodum
967 1543 1146 1630 κατάχρησιν
1168 1555 1213 1614 vi·

94 1658 194 1718 dimus
217 1680 236 1718 a
257 1666 350 1738 polita
375 1663 406 1719 in
434 1671 731 1746 utramquepartem
753 1660 920 1722 adhibitam
944 1680 1023 1721 esse.
1066 1660 1129 1720 Sed
1153 1662 1212 1719 hoc

94 1775 163 1824 utut
184 1774 247 1840 est,
271 1766 309 1826 de
328 1767 525 1847 inscriptione
548 1773 606 1831 ista
629 1772 726 1830 altera
747 1768 797 1828 vel
821 1771 865 1827 sic
887 1768 961 1827 mibi
983 1788 1089 1847 parum
1109 1767 1212 1846 explo-

95 1882 163 1931 rata
184 1892 235 1932 res
258 1881 314 1931 est.

181 1979 249 2039 Iam
271 1999 344 2038 vero
368 1974 435 2041 eam
458 1982 496 2041 de
518 1978 628 2044 Bmsr'cr
653 1982 820 2042 rationibus
840 1981 1037 2057 suspitionem
1060 1999 1119 2058 quo
1143 1979 1212 2036 viri-

33 2138 38 2143 .
69 2086 166 2153 ,liter
179 2084 329 2144 illustrem
347 2107 382 2146 ac
399 2088 582 2163 confirmem,
606 2091 742 2168 singulas
762 2089 805 2146 ita
821 2105 997 2166 percurram
1009 2086 1163 2165 reliquias,
1181 2094 1213 2142 ut

94 2192 233 2252 ordinem
257 2189 369 2273 sequar
390 2214 451 2252 non
472 2213 551 2269 eum,
573 2200 623 2278 qui
641 2207 688 2257 est
707 2196 786 2276 apud
802 2193 978 2265 Oehlerum,
1002 2212 1060 2272 quo
1075 2193 1126 2249 vix
1144 2210 1211 2268 per·

94 2300 263 2360 vcrsiorem
283 2301 421 2359 invenire
443 2303 553 2378 possis,
577 2305 632 2363 sed
655 2326 745 2384 quem
766 2300 966 2381 probabilitas
988 2297 1040 2356 vel
1063 2304 1147 2368 certa
1168 2297 1212 2354 in-

94 2404 178 2464 dicia
195 2414 247 2464 aut
260 2407 420 2486 pristinum
438 2415 490 2465 aut
507 2411 677 2485 proximum
695 2432 713 2468 a
728 2410 856 2490 pristino
874 2426 942 2465 esse
961 2410 1099 2481 arguunt.
1130 2403 1212 2477 Ergo

31 2508 42 2515 ’
96 2529 178 2590 quae
201 2510 247 2569 illi
265 2521 419 2591 postrema
442 2523 520 2586 sunt,
543 2513 581 2573 ab
602 2516 639 2573 iis
659 2517 732 2575 mihi
753 2518 870 2575 initium
892 2515 1038 2592 capietur.

122 2656 132 2667 -
180 2617 197 2676 I
220 2617 281 2698 (25)
306 2623 375 2679 Cum
395 2624 547 2695 Quintipor
571 2622 683 2679 Clodius
705 2633 744 2681 tot
766 2627 926 2682 comoedias
950 2624 1011 2678 sine
1032 2620 1092 2676 ullu
1110 2619 1215 2690 fecerit

94 2728 192 2795 Musa,
212 2743 264 2800 epo
286 2747 375 2785 unum
397 2731 520 2787 libellum
543 2747 599 2786 non
622 2734 738 2800 euclem,
761 2742 793 2789 nt
817 2733 857 2785 uit
879 2731 1013 2784 Ennius?

180 2832 214 2891 Π
238 2830 297 2912 (16)
324 2834 452 2908 Mihique
480 2839 552 2904 cliui,
580 2836 651 2888 dum
679 2836 743 2890 stilo
766 2844 864 2892 nostro
883 2837 985 2906 papiri
1005 2835 1091 2889 inleoi
1111 2849 1214 2904 scupos

93 2942 202 3011 capitio
224 2957 296 2996 nouo
312 2950 405 3013 partu
420 2945 555 3015 poeticen

181 3042 233 3101 III
256 3041 315 3124 (26)
351 3049 508 3105 Vulcanum
534 3064 587 3105 nec
613 3066 675 3105 cum
704 3065 794 3105 nocue
825 3051 946 3121 lupence
973 3048 1095 3104 ollarum
1115 3047 1214 3117 fipurn

95 3159 142 3208 ter
159 3161 332 3224 precantur.

11 3315 18 3329 ,
68 3255 175 3333 ,Quis
198 3253 361 3337 Quintipor
383 3257 508 3317 Clodius
532 3258 568 3316 fr.
592 3260 608 3316 Ι
633 3258 740 3330 fuerit,
770 3257 861 3316 hodie
884 3259 1039 3341 ignoratur
1070 3253 1122 3330 (cf.
1147 3254 1211 3312 Rit-

94 3361 231 3421 schelius
252 3365 289 3421 in
317 3364 455 3443 parergis
478 3363 495 3421 I
521 3382 552 3440 p.
581 3364 663 3435 XII,
694 3362 732 3420 de
755 3362 939 3438 logistoricis
961 3383 989 3440 p.
1014 3362 1063 3419 XI
1086 3371 1117 3419 ct
1138 3358 1210 3418 Rib-

94 3454 239 3529 beckius*
256 3469 288 3529 in
325 3468 516 3549 praefatione
552 3468 591 3526 ad
628 3435 810 3526 comicorum
837 3464 1013 3546 reliquias):
1052 3469 1126 3526 satis
1159 3468 1211 3524 mi-

93 3575 206 3636 sellum
230 3584 352 3656 poetam
376 3575 470 3633 fixisse
496 3584 528 3634 et
551 3595 588 3634 ex
601 3563 668 3633 'hoc
688 3576 757 3633 loco
781 3585 811 3633 et
834 3594 870 3632 ex
894 3574 954 3632 alio
978 3573 1113 3633 eiusdem
1135 3575 1211 3635 Var-

93 3682 179 3741 ronis
202 3682 411 3769 cognoscitur,
435 3683 538 3762 quiin
561 3681 691 3760 epistula
712 3681 750 3739 ad
774 3682 893 3739 Fufium
916 3683 958 3740 ita
980 3682 1158 3760 scripserat:

182 3790 360 3862 Quintiporis
374 3790 506 3846 Clodiani
518 3790 615 3863 sorice
631 3806 666 3845 uc
678 3799 812 3860 poemata
826 3794 887 3847 cius
901 3790 1106 3864 purpuridions
1120 3790 1213 3845 dices:

246 3883 424 3968 'Ofortunm
447 3916 462 3954 o
482 3897 548 3970 stirs
569 3898 700 3969 soricino,
725 3895 840 3968 quentis
864 3893 1108 3954 commoditatibus

248 4003 336 4060 Hunc
357 4005 439 4061 diem.

94 4106 147 4166 Sic
183 4107 262 4165 enirn
298 4109 439 4186 coniungi
465 4107 577 4168 debent
610 4108 687 4166 baec
715 4109 807 4166 Nonii
835 4108 1021 4166 testimonia:
1049 4129 1079 4186 p.
1108 4117 1171 4180 117,
1195 4115 1211 4169 6

100 4217 196 4287 Varro
220 4218 343 4288 epistula
372 4220 411 4274 uci
431 4219 564 4290 Fufium:
593 4217 787 4287 ‘Quintiporis
810 4247 851 4254 —
871 4216 936 4287 fors
957 4213 1102 4286 fortuna?
1125 4221 1154 4269 et
1180 4232 1209 4289 p.

92 4330 155 4395 425,
172 4330 207 4384 18
235 4324 329 4380 Varro
346 4339 390 4395 ep.
410 4326 449 4381 ud
463 4325 594 4396 Fufium.-
618 4324 770 4395 ‘diquues-
793 4343 807 4378 o
827 4321 894 4393 fors
913 4320 1035 4392 fortuna
1057 4351 1099 4358 -
1114 4318 1208 4374 diem’

965 4417 1008 4477 9*
