2760 4890
131 330 167 391 lb
554 340 813 388 comncrnunn.

127 504 308 574 ‘psalterium
331 518 418 557 uuum
436 507 477 556 est
497 503 766 569 instrumentorum,
791 519 865 574 quoe
880 505 986 574 fidibus
1005 508 1170 573 tonduntur,
1194 511 1248 563 sori

127 617 268 678 erectum,
304 610 387 664 cicius
414 624 502 664 sonus
536 609 708 665 altrinsecus
735 625 775 664 ou
806 612 957 680 superiore
980 619 1069 683 purte
1098 615 1244 668 redditur'

127 716 274 788 illustrat,
307 715 367 773 Dio
391 712 513 792 quidem
536 687 773 790 Chrysostomus
807 712 883 770 nihil
912 713 990 786 tale,
1028 716 1109 794 quod
1136 718 1244 791 sciam,

128 823 264 901 scripsit,
284 823 314 880 in
327 820 450 879 Ioannis
468 826 570 876 autem
586 815 795 895 Ohrysostomi
815 821 1037 881 commentariis
1053 822 1092 881 ad
1107 823 1245 901 psalmos

127 949 188 987 non
211 927 317 987 eadem
339 923 394 985 sed
408 924 486 983 haec
508 924 573 982 fere
597 924 707 982 similia
729 922 825 982 verba
846 925 965 985 inveni:
994 929 1025 985 in
1044 948 1089 1006 ps.
1107 928 1246 988 CXLIX

127 1057 157 1113 p.
173 1043 225 1098 634
247 1055 265 1092 a
287 1033 403 1105 (Lutet.
426 1030 524 1088 Paris.
541 1027 621 1106 1614)
645 1020 678 1087 τὸ
698 1024 753 1104 μὲν
774 1020 928 1105 τύμπανον
949 1019 1003 1107 τὴν
1023 1028 1167 1110 νέκρωαν
1190 1033 1246 1107 τῆς

127 1124 237 1215 σαρκὸς
264 1125 352 1211 ἡμῶν
379 1131 523 1209 ἐπιζητεῖ,
553 1123 587 1191 τὸ
615 1130 647 1194 δὲ
674 1126 840 1213 ψαλτήριον
869 1125 900 1195 τὸ
929 1125 1003 1214 πρὸς
1030 1125 1081 1195 τὸν
1110 1125 1245 1215 οὐρανὸν

127 1240 262 1320 βλέπειν·
297 1239 348 1301 uui
367 1230 424 1322 yolo
444 1232 565 1301 ἄνωθεν
584 1229 616 1298 τὸ
637 1232 765 1318 ὄργανον
784 1240 870 1300 τοῦτο
890 1246 1029 1319 κινεῖται,
1051 1231 1087 1302 ori
1105 1235 1245 1302 κάτωθεν

128 1341 223 1427 ὥσπερ
249 1339 269 1425 ἡ
295 1340 426 1426 subdue:
454 1348 632 1428 quibuscum
656 1348 735 1407 conf.
760 1368 838 1428 quae
862 1348 900 1408 de
918 1349 1099 1431 Hieronymi
1121 1352 1243 1428 exposi-

126 1458 208 1515 tione
231 1457 416 1537 psalmorum
435 1457 529 1517 Ianus
550 1455 571 1513 l.
591 1472 617 1511 c.
641 1452 751 1514 attulit.

203 1581 316 1660 'Atque
337 1580 443 1639 horum
463 1580 595 1661 quidem,
620 1597 699 1656 quae
720 1577 820 1636 adhuc
840 1579 938 1655 tetigi,
960 1579 1199 1656 fragmentorum
1217 1581 1246 1638 si

127 1708 188 1746 non
215 1685 456 1764 improbabiliter
483 1685 588 1745 sedem
618 1704 654 1742 ac
679 1685 859 1743 sententiam
887 1686 966 1757 erui,
996 1684 1088 1743 facile
1115 1684 1247 1744 aliorum

129 1793 306 1851 commentis
326 1790 603 1870 supersedebimus,
623 1793 752 1850 maxime
770 1791 928 1868 scaligeri,
945 1791 997 1870 qui
1014 1791 1135 1866 ingenio
1150 1791 1246 1869 paulo

127 1898 333 1975 indulgentior
355 1917 409 1955 suo
430 1898 462 1955 in
484 1897 650 1956 Catalectis
673 1897 795 1974 Virgilii
818 1895 929 1974 (Lugd.
947 1897 1015 1954 Bat.
1039 1895 1118 1975 1617)
1141 1917 1171 1974 p.
1192 1906 1247 1960 252

128 2023 166 2063 ex
193 2004 254 2063 illis
282 2011 312 2062 et
340 2003 407 2061 aliis
434 2001 587 2062 nonnullis
614 2003 703 2062 huius
731 2012 853 2062 saturae
882 2004 1021 2064 versibus
1048 2003 1146 2075 hunc,
1184 2024 1246 2083 quo

128 2110 376 2190 ‘descriptionem
395 2109 552 2187 psaltriac’
577 2110 733 2178 contineri¹
747 2108 836 2182 dicit,
862 2117 1021 2168 centonem
1041 2110 1180 2187 collegit:

328 2247 500 2303 Phoenicius
523 2263 586 2303 sum
608 2249 685 2304 oooi’
706 2248 911 2303 suseiiubuium

331 2353 568 2424 Cuuiuuiiumque
592 2354 693 2411 Gullu'
718 2354 909 2409 Gulliuuceus

329 2460 392 2527 Quo
415 2459 543 2515 mobilem
564 2461 668 2517 Diuum
688 2460 782 2531 lyram
808 2457 857 2514 Sol
876 2460 1011 2531 burmouc

330 2564 461 2632 Quadam
481 2568 647 2638 gubernans
668 2566 787 2621 motibus
807 2566 862 2620 diis
884 2572 969 2637 vegei.

330 2672 489 2727 Euobordu
505 2673 633 2741 psulticu
657 2673 751 2726 utiulii
770 2670 920 2741 pscclieriu,

330 2780 438 2847 Quibus
458 2782 564 2834 souuut
584 2778 613 2831 iu
637 2777 759 2832 Graeciu
781 2777 911 2841 dicterio,

330 2885 386 2953 Qui
405 2884 575 2956 [tubulorum
598 2885 739 2939 collocant
762 2884 893 2949 exordio,

334 2991 368 3047 Ut
388 2991 502 3055 comici,
528 2990 653 3056 eiueiici,
679 2991 824 3046 sceuutici.

331 3095 363 3150 Si
386 3097 449 3167 quis
471 3098 587 3152 melodis
610 3097 720 3151 noeuiis
742 3083 810 3162 ὄνος
832 3084 935 3166 λύρας,

330 3203 524 3275 Pruesepibus
546 3219 576 3259 se
598 3205 721 3258 reiiueut
740 3201 920 3274 forensibus:

332 3309 439 3376 Quibus
460 3325 543 3365 suum
565 3311 684 3365 delectet
705 3309 765 3379 ipse
788 3294 936 3375 uluusium,

330 3415 368 3470 Et
386 3417 549 3471 auiditatem
571 3416 703 3487 speribus
726 3417 811 3471 luctet
830 3415 898 3469 suis.

337 3521 433 3578 Valete
455 3538 554 3595 meque
573 3523 708 3595 pulmulis
726 3522 884 3592 producite.

128 3659 165 3716 In
188 3655 298 3735 quibus
324 3655 393 3713 nolo
420 3657 522 3715 rimari
549 3655 682 3732 singula:
721 3654 793 3734 quid
822 3654 935 3714 distent
959 3677 977 3715 a
1005 3661 1116 3718 nostris
1142 3665 1246 3741 quivis

128 3763 302 3839 intelleget,
330 3781 388 3820 nec
409 3780 525 3853 'vereor
551 3781 590 3821 ne
618 3761 686 3840 quis
710 3779 843 3839 caprae
865 3761 942 3835 illis,
972 3783 1051 3842 quac
1073 3765 1245 3829 ludibunda

127 3890 218 3928 manu
237 3868 376 3944 Scaliger
398 3869 507 3928 iecisse
525 3867 662 3941 videtur,
688 3875 821 3947 spernat.
866 3867 915 3927 Ab
932 3869 993 3929 illis
1010 3880 1111 3931 autem
1127 3873 1246 3935 distant

126 3975 264 4034 nonnihil
285 3975 378 4048 haec,
401 3976 531 4054 quaein
553 3973 689 4033 eiusdem
712 3972 862 4051 Scaligeri
882 3977 1086 4036 coniectancis
1109 3978 1140 4035 in
1165 3981 1243 4041 Var-

127 4100 231 4139 ronem
255 4078 317 4158 (ed.
340 4080 391 4139 III
414 4099 442 4138 a.
466 4078 547 4157 1581)
570 4086 721 4159 118111).
743 4080 898 4157 leguntur:

329 4219 368 4275 Et
389 4219 579 4289 ortbopuiiiou
602 4219 697 4274 attulit
714 4220 866 4289 psalteria,

330 4325 437 4391 Quibus
458 4330 563 4381 sonunt
584 4328 613 4381 iu
640 4326 763 4381 Graecia
785 4328 914 4393 dicterio,
