2760 4890
555 339 813 388 conmcmuux.
1198 325 1236 389 31

211 499 380 559 Scientiam
401 506 502 559 autem
525 499 647 578 qualem
667 497 818 575 significet
842 497 987 577 deinceps
1003 497 1207 577 persequitur.

167 626 264 687 XVII
280 624 323 705 (9)
800 625 920 685 sudatio

230 736 342 792 Doceat
360 751 442 808 quem
461 736 501 792 od
520 738 634 793 modum
651 734 681 792 in
698 737 840 807 psalterio
860 733 1050 789 emendemus
1071 732 1196 789 nervias.

129 868 241 928 Versus
260 868 399 945 distinxi,
421 889 496 948 quos
514 869 689 944 nemodum,
709 869 790 950 quod
808 869 917 939 sciam,
938 886 1046 926 versus
1065 886 1133 925 esse
1153 865 1239 929 vidit.

129 974 173 1032 Ex
195 974 384 1035 Institutione
407 993 443 1032 ac
466 973 627 1053 disciplina
651 974 724 1034 dicit
752 993 875 1060 organa¹
889 971 1040 1030 tractandi
1063 973 1239 1030 facultatem

129 1080 243 1158 parari,
270 1088 301 1140 et
317 1101 395 1160 quae
412 1089 482 1139 sunt
498 1081 559 1139 elia
575 1081 639 1139 eius
656 1082 792 1157 generis,
819 1077 926 1158 quibus
945 1065 979 1136 ri
994 1066 1051 1156 πρὸ
1069 1076 1122 1152 τῆς
1137 1074 1240 1155 τέχνης

131 1186 348 1247 contineantur.
390 1187 497 1247 Artem
519 1195 620 1247 tamen
642 1187 741 1265 ipsam
757 1205 795 1244 ne
815 1185 863 1243 his
886 1160 1008 1265 quidem
1031 1193 1184 1244 constare:
1208 1193 1241 1243 ut

131 1293 178 1373 qui
205 1292 375 1354 substiterit
403 1294 434 1353 in
463 1293 529 1353 istis
557 1291 754 1351 facultatibus
783 1293 933 1367 externis,
968 1313 1029 1351 non
1056 1290 1153 1370 possit
1182 1291 1241 1352 nisi

131 1396 271 1458 ‘cibarius
291 1398 507 1460 Aristoxenus'
531 1399 673 1459 evadere.

146 1500 151 1507 ι
168 1535 283 1597 XVIII
299 1534 360 1613 (10)
373 1511 374 1514 Ἴ
385 1539 463 1596 Tuus
481 1545 575 1595 eutem
593 1539 655 1611 ipse
668 1536 766 1610 frater
786 1538 912 1594 cibarius
924 1535 984 1608 fuit
996 1536 1197 1592 Aristoxenus,

130 1670 237 1750 Inque
253 1671 424 1749 fragmento
445 1672 568 1732 dubium
582 1671 718 1744 videtur,
743 1672 868 1730 fratrem
883 1679 983 1728 utrum
997 1668 1142 1727 cibarium
1159 1668 1241 1727 dicat

132 1796 167 1836 an
178 1776 406 1838 Aristoxenum.
435 1778 517 1837 Illud
540 1780 591 1858 qui
611 1777 768 1857 amplexus
784 1784 839 1849 est,
865 1776 1033 1836 Gulielmus
1048 1776 1078 1833 in
1093 1775 1240 1833 verisimi-

132 1878 205 1938 libus
226 1881 261 1939 ΙΙ
275 1890 310 1944 18
330 1879 466 1959 (Gruteri
480 1884 589 1962 Lamp.
603 1883 655 1942 III
667 1904 697 1962 p.
712 1882 776 1962 293)
800 1884 925 1940 fratrem
940 1881 1085 1940 cibarium
1099 1900 1167 1938 eum
1182 1879 1242 1938 dici

132 1987 282 2066 opinatur,
305 1984 370 2066 ‘qui
392 1990 639 2065 congerronisuo
654 1988 807 2067 impendio
823 1990 938 2048 victum
957 1996 1041 2047 curat
1061 1987 1150 2065 eique
1166 1996 1240 2045 tam-

133 2113 217 2173 quam
232 2114 288 2173 pro
307 2092 375 2153 cibo
390 2097 461 2154 est'
483 2097 563 2170 Fuit,
579 2097 630 2175 qui
646 2096 772 2154 fratrem
784 2093 929 2152 cibarium
940 2094 971 2152 in
988 2094 1170 2152 collactanei
1188 2114 1241 2151 no·

132 2200 241 2259 tionem
259 2196 429 2259 adhibitum
445 2209 577 2280 putaret.
606 2202 742 2280 Quorum
759 2209 857 2259 utrum
873 2199 1062 2279 probaveris,
1086 2199 1157 2256 talis
1173 2218 1234 2256 sen·

132 2307 223 2367 tentia
243 2326 305 2365 non
325 2307 439 2385 poterit
456 2309 569 2367 musico
592 2309 681 2382 tradi,
701 2310 790 2367 immo
813 2327 850 2366 ea
871 2325 1061 2385 consequens
1084 2315 1131 2365 est
1152 2325 1170 2364 a
1192 2325 1241 2364 ca-

132 2409 308 2471 lumniatore
326 2412 460 2472 musicae
481 2414 513 2472 in
533 2423 737 2495 contemptum
750 2414 873 2472 artificis
888 2411 956 2470 iaci
979 2411 1022 2470 At
1042 2432 1110 2470 cum
1125 2410 1242 2472 Guliel-

133 2518 167 2576 rni
181 2517 347 2597 explicatio
364 2518 455 2595 longe
468 2523 607 2598 quaesita
620 2522 770 2594 videatur,
795 2521 892 2579 altera
905 2539 1011 2598 parum
1028 2518 1134 2579 cibarii
1150 2517 1242 2594 signi·

133 2621 262 2683 ficationi
274 2625 445 2698 conveniat,
468 2634 530 2684 tum
541 2628 674 2687 Nonium
687 2629 713 2687 si
728 2627 864 2687 audimus
882 2648 912 2705 p.
927 2636 969 2700 93,
985 2635 1025 2699 14,
1048 2626 1080 2684 in
1094 2645 1162 2684 eam
1175 2643 1242 2683 sen·

134 2730 254 2789 tentiam
267 2729 416 2804 ducimur,
431 2730 576 2790 cibarium
589 2731 807 2791 Aristoxenum
823 2733 963 2808 coniungi
984 2741 1124 2812 oportere
1138 2732 1243 2808 eisque

134 2834 312 2895 mediocrem
328 2835 457 2895 necdum
472 2839 592 2916 penitus
607 2857 662 2896 sua
677 2846 741 2898 arte
757 2839 902 2898 imbutum
917 2840 1063 2898 musicum
1080 2836 1243 2913 designari.

135 2937 172 2999 Ut
196 2939 399 3001 Aristoxenus
422 2941 541 3001 dicatur
562 2965 617 3023 pro
645 2946 752 3023 quovis
779 2947 910 3020 musico,
939 2941 1193 3025 quemadmodum
1211 2943 1244 3000 in

134 3053 304 3108 mutaremus
328 3048 365 3108 fr.
387 3056 420 3112 17
440 3048 624 3109 Aristoteles
644 3070 698 3130 pro
719 3050 900 3131 philosopho
920 3054 1037 3132 quovis.
1076 3051 1143 3109 Nec
1164 3048 1244 3106 absi·

134 3155 206 3215 milis
224 3175 298 3215 usus
319 3163 366 3214 est
387 3155 420 3214 in
439 3155 497 3213 hac
520 3165 623 3214 satura
641 3156 772 3216 Achillis
795 3166 825 3217 et
845 3158 877 3216 in
893 3164 984 3217 I'uwor
1000 3165 1124 3213 >lasaron
1140 3154 1243 3213 Arati:

134 3278 188 3339 quo
212 3260 352 3321 deintra
374 3259 483 3320 dicam.
526 3261 619 3319 Nonii
640 3269 755 3334 autem,
780 3282 840 3341 qua
858 3265 953 3337 nitor,
978 3263 1142 3342 explicatio
1164 3260 1243 3318 haec

135 3375 192 3426 ost:
223 3368 403 3438 ‘Cidarim
431 3371 508 3441 quod
529 3387 606 3426 nunc
628 3375 678 3425 oret
700 3372 735 3425 dc
755 3387 835 3441 pone
857 3373 972 3427 sordido
995 3372 1102 3427 aut-de
1123 3369 1178 3423 alic
1199 3369 1243 3422 in·

134 3475 213 3547 dano
233 3475 357 3531 dicotur.
404 3476 498 3534 Varro
511 3477 612 3532 Modo:
635 3475 677 3531 ‘io
698 3476 823 3533 bucolico
847 3479 973 3534 dormire
994 3478 1104 3531 mollem
1127 3475 1243 3539 scilicet,

131 3583 224 3649 ponus
241 3582 337 3638 einum
352 3598 444 3639 meum
459 3584 613 3650 cibarium,
637 3599 723 3654 quom
744 3599 795 3657 epo
815 3585 945 3639 dominus
964 3579 1135 3639 calorem?'
1164 3578 1243 3634 Idem

136 3686 207 3743 Onoo
229 3689 329 3760 lyras.-
356 3688 435 3747 ‘tuus
456 3686 562 3746 outem'
592 3706 619 3745 e.
643 3707 672 3766 q.
696 3708 720 3748 s.
752 3690 849 3748 Cicero
875 3690 1105 3746 Tusculanorum
1128 3686 1173 3740 uo.
1204 3683 1244 3740 V:

134 3789 189 3850 ‘car'
208 3810 273 3850 cum
293 3797 494 3869 pereprs'nonti
514 3797 688 3871 aeyyptum,
723 3798 870 3854 comitibus
892 3813 949 3852 non
971 3795 1090 3861 secutis,
1118 3791 1245 3847 cibarius

133 3899 160 3954 tn
179 3915 251 3956 casa
265 3903 355 3971 panis
376 3902 570 3970 antecessu,
599 3904 672 3960 nihil
688 3907 778 3962 visum
800 3905 847 3960 illo
868 3919 945 3974 pone
961 3894 1137 3959 iucundius?
1178 3894 1245 3951 Iam

135 4020 199 4061 cum
216 4003 336 4083 reliqua
353 4013 495 4085 pateant,
520 4006 593 4085 quid
614 4016 715 4080 vetat,
739 4009 770 4066 in
788 4013 963 4066 transcursu
984 4005 1029 4063 illi
1052 4001 1141 4062 alteri
1164 3997 1245 4077 apud

135 4106 264 4168 Nonium
279 4107 317 4169 de
333 4110 447 4170 cibario
464 4113 604 4191 exemplo
618 4114 763 4173 Varronis
780 4111 1024 4182 emendatricem,
1040 4128 1100 4188 qua
1114 4107 1244 4164 maxime

135 4212 265 4291 indIget,
299 4234 421 4275 manum
447 4216 617 4278 adhibere?
657 4218 817 4298 Adscripsi
845 4238 937 4297 supra
965 4218 1182 4292 fragmentum,
1212 4216 1245 4267 ut

134 4317 224 4379 Nonii
245 4318 315 4379 libri
333 4329 508 4401 praestant,
531 4343 592 4381 non
613 4325 672 4382 alio
696 4323 852 4396 dissensu,
875 4343 966 4402 quam
987 4321 1068 4400 quod
1088 4338 1142 4398 pro
1162 4322 1245 4375 treco-
