2760 4890
187 314 207 376 2
614 327 870 379 11111111111111.

186 489 297 548 liberet
322 489 466 567 reliquias
496 509 548 560 eo,
584 509 673 568 quem
701 491 861 570 pristinum
890 491 958 549 ess'e
989 490 1162 564 divinabat,
1191 491 1297 551 ordine

186 592 394 672 perscribere:
424 595 511 668 milri,
541 595 611 677 dum
632 604 828 655 monstratam
850 595 887 655 ab
910 597 963 655 illo
985 599 1066 657 viam
1084 598 1242 675 persequi,
1273 598 1298 655 si

186 702 304 780 potero,
328 700 445 760 animus
459 710 515 774 est,
536 701 625 759 aliam
644 702 855 761 tractationem
871 705 931 764 alia
947 705 1035 763 huius
1049 703 1145 763 libelli
1159 702 1298 760 condicio

187 807 305 866 suadet.
350 807 428 866 Nam
451 816 481 868 et
504 828 627 882 causac,
659 809 768 890 quibus
791 830 859 869 mea
881 819 1038 888 regeretur
1062 809 1235 889 dispositio,
1258 829 1298 867 ne

184 913 336 973 inauditus
364 912 540 986 damnarer,
570 914 732 993 explicari,
763 925 793 975 et
817 937 899 990 earn,
930 936 1009 995 quae
1030 936 1091 974 non
1112 935 1179 973 raro
1200 915 1298 972 iustae

187 1020 376 1101 dispositioni
402 1020 484 1080 viam
511 1022 645 1098 aperuit,
676 1021 858 1082 emendandi
884 1043 1008 1101 operam
1034 1009 1157 1080 uberius
1186 1021 1299 1078 firmari

187 1126 359 1206 oportebat:
392 1128 423 1185 in
449 1146 507 1206 quo
535 1127 639 1185 nescio
668 1149 740 1187 unm
765 1131 888 1208 saepius
918 1129 1075 1189 debuerim
1107 1128 1297 1187 librariorum

186 1231 299 1291 delicta
320 1233 487 1309 corrigere,
518 1253 608 1312 quam
633 1233 719 1293 irrita
741 1243 772 1294 et
794 1255 812 1294 a
832 1255 927 1314 pravo
950 1235 1187 1312 fragmentorum
1208 1233 1297 1292 intel-

185 1340 267 1399 lectu
290 1339 418 1399 oriunda
447 1340 619 1398 criticorum
645 1340 803 1399 conamina
824 1342 985 1421 repellere.
1032 1340 1174 1401 Criticam
1196 1349 1298 1398 autem

186 1464 252 1504 cum
271 1447 452 1526 pracsertim
473 1447 525 1519 iis,
549 1465 675 1524 quarum
695 1457 874 1524 argumenta
896 1447 1055 1520 eruebam,
1080 1447 1189 1504 saturis
1212 1444 1297 1503 adhi-

185 1551 307 1625 berem,
337 1551 420 1610 uolui
446 1550 550 1624 simul,
585 1572 664 1631 quae
691 1557 813 1634 saepius
843 1552 1042 1625 obveniebat,
1077 1551 1144 1610 aliis
1171 1550 1297 1609 aliarum

185 1666 355 1718 saturarum
377 1657 513 1736 reliquiis
535 1657 685 1718 medelam
708 1661 854 1720 afferendi
875 1659 1131 1739 opportunitatem
1149 1657 1297 1716 devitare.
1370 1666 1372 1670 '

185 1765 252 1823 Nec
276 1763 421 1836 decebat,
455 1784 514 1843 quo
542 1765 669 1841 insignis
696 1766 803 1827 horum
831 1764 1046 1846 opusculorum
1072 1764 1152 1822 nitor
1181 1771 1212 1822 et
1234 1763 1296 1821 ele-

185 1870 289 1946 gantia
317 1870 471 1943 consistit,
499 1871 658 1929 metricum
683 1892 780 1949 genus
808 1873 961 1932 omittere:
997 1870 1028 1928 in
1053 1889 1112 1949 quo
1136 1889 1203 1928 cum
1226 1878 1298 1947 post

185 1974 393 2035 admirabilem
407 1975 532 2054 Iosephi
547 1975 695 2053 Scaligeri
711 1979 877 2039 sollertiam
888 1976 1091 2049 Ritschelius,
1111 1975 1296 2049 MeinekiuS,

184 2082 398 2141 Lachmannus
426 2080 523 2141 obiter
550 2081 606 2141 sed
631 2085 790 2162 praeclare
812 2085 926 2145 versati
948 2085 1023 2156 sint,
1057 2102 1093 2141 11
1114 2102 1211 2160 nuper
1234 2081 1296 2140 Ad.

184 2189 321 2248 Kochius
343 2197 373 2248 11
389 2188 448 2247 Th.
464 2189 624 2266 Roeperus
645 2189 748 2250 dedita
766 2212 859 2271 opera
877 2189 1075 2261 elaborarint‚
1104 2197 1207 2247 tamen
1226 2207 1296 2246 con-

183 2295 252 2372 tigit
268 2295 357 2366 mihi,
385 2303 419 2352 111
439 2313 500 2351 nou
520 2301 613 2352 tenue
633 2316 839 2368 numerorum,
869 2296 921 2374 qni
942 2294 1040 2353 adhuc
1063 2292 1296 2366 delitescebant,

186 2401 377 2479 spicilegium
399 2401 548 2458 facerem:
580 2420 763 2479 quamquam
783 2422 844 2460 non
866 2401 951 2479 potui
972 2420 1032 2459 uon
1055 2400 1145 2460 simul
1173 2400 1210 2459 de
1234 2400 1298 2459 colu

184 2508 266 2566 lecta
289 2507 326 2566 ab
344 2507 411 2566 aliis
427 2525 527 2567 messe
545 2517 663 2588 partem
684 2529 787 2568 rursus
809 2507 947 2567 demere:
971 2507 1022 2586 qui
1043 2526 1143 2586 neque
1161 2506 1295 2580 nimiam,

186 2615 236 2671 cui
255 2613 392 2671 nonnulli
410 2611 615 2686 indulserunt,
640 2614 843 2674 commutandi
864 2614 1018 2674 licentiam
1035 2613 1217 2692 approbem,
1241 2633 1295 2671 ne·

185 2740 243 2799 que
272 2721 391 2778 omnino
415 2721 582 2799 Menippeo
605 2722 736 2781 Varroni
764 2721 948 2779 multiforme
975 2738 1144 2779 sermonem
1169 2719 1296 2777 intextis

185 2825 365 2884 carminibus
381 2825 587 2904 distinguendi
606 2829 764 2888 artificium
780 2828 950 2914 fucatorum
966 2846 1108 2886 versuum
1124 2825 1294 2884 simulacris

184 2933 259 3011 eripi
278 2933 386 3011 patiar.
