2760 4890
129 337 170 398 70
557 344 813 394 contremunt.

129 506 268 565 Kochius
301 506 450 584 comparis
478 504 602 564 molossi
632 503 804 581 exemplum
830 505 862 563 in
889 506 1062 583 septenario
1088 505 1247 564 trochaico

131 613 294 688 agnovisse
314 611 372 671 sibi
393 612 477 669 visus
500 619 556 683 est,
579 611 610 668 in
633 631 668 668 eo
689 610 793 667 nescio
814 631 854 669 an
876 631 942 670 eum
965 611 1066 690 opinio
1088 610 1246 668 fefellerit.

137 719 265 777 Saturae
299 718 378 777 enim
409 724 497 772 Erras
522 723 541 772 H
566 724 661 774 Aonie
680 724 715 773 To
736 723 822 771 Hans
852 720 889 777 fr.
919 729 937 780 3
965 720 1051 775 Cuius
1079 720 1127 774 ubi
1161 720 1249 774 anais

131 826 225 879 miritis
255 828 375 881 masculi
402 829 547 898 uestiyium
571 827 715 880 incentum
738 831 779 880 est
805 823 1032 903 transponendo
1055 822 1246 900 septenarios

129 948 270 988 numeros
290 929 421 989 restituit
442 930 473 987 in
496 928 764 988 exercitationibus
785 949 814 1006 p.
838 937 887 990 23:

229 1079 233 1084 ’
282 1084 369 1141 saites
388 1085 436 1139 arbi
455 1087 539 1140 cartis
559 1074 653 1140 malitis
672 1085 793 1140 masculi
813 1082 985 1140 incertumst
1009 1083 1164 1155 aesopiam.

129 1236 179 1294 De
206 1236 291 1294 cuius
310 1235 408 1293 forma
428 1232 556 1294 metrica*
574 1255 642 1293 cum
665 1254 725 1292 non
753 1232 944 1306 addubitem,
971 1234 1084 1293 haereo
1107 1234 1246 1293 nonnihil

129 1340 160 1398 in
183 1341 345 1412 sententia,
369 1359 429 1419 qua
449 1341 521 1399 milri
543 1343 616 1400 mire
636 1340 695 1399 dici
712 1339 843 1418 videtur,
866 1340 967 1399 multis
983 1341 1070 1398 annis
1089 1342 1110 1399 i.
1128 1361 1155 1399 e.
1173 1360 1244 1400 con-

129 1446 237 1517 tinuis,
267 1454 300 1503 ut
321 1445 439 1506 Nonius
461 1448 594 1526 explieat
614 1469 643 1527 p.
665 1456 726 1520 526,
750 1458 799 1520 15,
824 1447 979 1505 inventum
1002 1466 1038 1504 ac
1060 1469 1121 1507 non
1143 1449 1246 1527 potius

131 1573 190 1611 non
216 1554 373 1612 inventum
398 1571 467 1610 esse
497 1553 624 1613 masculi
647 1555 820 1632 vestigium.
865 1553 908 1612 Ut
936 1573 996 1610 non
1018 1553 1246 1632 transponendo

131 1658 186 1718 sed
204 1657 369 1718 omittendo
389 1656 528 1717 librarios
549 1661 729 1737 peccavisse
748 1659 927 1738 putaverim.
972 1659 1100 1737 Repono
1124 1659 1219 1717 enim:

283 1811 370 1869 Cuius
391 1814 438 1869 ubi
456 1816 541 1870 cartis
563 1815 656 1870 malitis
680 1811 816 1889 [tirellum]
840 1811 960 1871 mdsculi
978 1811 1123 1885 vestipium

278 1906 468 1975 irruentumst.

131 2051 211 2130 Quid
236 2053 267 2111 in
296 2051 511 2112 vocabulorum
537 2052 764 2114 molossieorum
793 2063 916 2114 veteres
942 2053 1076 2112 scaenici
1094 2052 1246 2132 probave-

130 2157 199 2229 rint,
221 2156 292 2216 vide
315 2158 346 2215 in
368 2158 528 2218 Ritschelii
550 2159 775 2238 prolegomenis
799 2161 837 2220 ad
859 2162 1067 2220 Trinummum
1086 2179 1117 2238 p.
1136 2177 1245 2219 ccxlv.

132 2261 180 2322 cf.
203 2262 283 2321 idem
302 2263 342 2322 ad
359 2264 424 2324 Mil.
447 2265 575 2342 glorsv.
595 2273 657 2327 502.
701 2265 811 2344 Neque
832 2276 999 2347 aequantes
1018 2266 1140 2324 molossi
1162 2287 1245 2325 men-

130 2389 230 2428 suram
258 2391 351 2431 voces
382 2371 600 2432 choriambicas
629 2371 737 2430 eadem
769 2372 843 2432 sede
872 2393 977 2432 versus
1003 2372 1100 2431 Varro
1124 2373 1245 2445 vitavit,

113 2475 182 2553 ·qui
200 2475 243 2534 ita
266 2475 371 2536 scribit
392 2477 423 2534 in
446 2478 564 2536 senario
587 2485 735 2534 Aosrsonrs
756 2479 792 2536 fr.
814 2486 846 2540 6:

280 2614 379 2686 Neque
401 2615 473 2670 adro
497 2622 547 2670 aut
566 2631 670 2688 qaaere
690 2624 741 2672 aut
762 2617 911 2687 mr'cltiplici
932 2614 1060 2671 scientia.

130 2746 191 2805 Sed
218 2746 296 2805 haec
324 2747 355 2804 in
385 2755 568 2807 transcursu.
613 2749 790 2829 Imperfecti
820 2770 980 2828 perperam
1001 2749 1079 2808 illati
1103 2751 1247 2830 exempla

130 2875 209 2933 quae
237 2863 322 2913 certa
350 2852 409 2910 sint
434 2852 505 2912 vide
527 2877 557 2933 p.
580 2865 623 2919 43.
668 2859 768 2933 Pergo
791 2855 830 2914 ad
853 2857 945 2915 alium
968 2857 1019 2935 qui
1041 2857 1175 2935 Roeperi
1198 2877 1245 2915 ar-

129 2962 218 3021 bitrio
254 2960 382 3020 debetur
413 2979 450 3018 ex
479 2960 594 3020 eisdem
627 2971 812 3020 Acosronnsos
841 2984 971 3022 versum.
1022 2964 1073 3022 Fr.
1104 2973 1121 3024 3
1147 2965 1244 3022 enim:

127 3073 181 3126 sed
210 3085 301 3142 neque
328 3070 437 3125 celadus
464 3075 611 3129 canterius
642 3091 729 3146 quem
756 3074 882 3130 cassellas
910 3074 1023 3139 melior,
1055 3088 1107 3127 aec
1132 3074 1245 3128 canitu-

128 3179 189 3232 diai
215 3191 308 3232 comes
334 3179 439 3246 uirtus,
470 3198 528 3256 quo
556 3178 712 3236 metricum
737 3174 911 3248 exhiberet,
942 3175 1095 3255 triplicem
1116 3175 1245 3233 formam

127 3281 298 3359 proposuit:

280 3463 474 3476 .......
499 3422 551 3477 sed
569 3422 661 3494 neque
684 3419 794 3478 oetrllu'
817 3418 966 3476 ccaerzte'rias

280 3524 372 3593 Qudm
394 3529 521 3584 trucellus
540 3526 642 3584 melior
665 3523 749 3602 [est],
773 3543 824 3583 nec
845 3525 1008 3583 certitudini
1028 3541 1121 3581 comes

288 3631 394 3689 Virtus.

128 3765 194 3823 vel:
240 3809 437 3829 .......
458 3771 510 3824 sed
529 3766 638 3824 ue'tulu’
664 3784 755 3840 neque
778 3768 925 3825 canterius

126 3871 177 3930 vel
196 3873 311 3950 potius:
358 3917 579 3934 ........
602 3875 654 3930 scil
671 3890 762 3947 neque
785 3883 862 3932 oetu'
883 3874 1039 3932 caruerint.

127 3979 349 4056 Pertemptavit
368 3979 471 4058 plura:
495 3977 653 4056 probabile
674 3978 759 4037 nihil.
792 3978 871 4037 Nam
897 3981 923 4038 si
947 3980 992 4038 illi
1009 3988 1078 4039 sunt
1094 3982 1159 4040 veri
1174 4002 1243 4040 ver-

127 4104 188 4156 sus,
212 4084 292 4163 quod
316 4106 390 4145 sane
413 4085 491 4143 alter
513 4104 615 4143 eornm
637 4083 784 4143 credibile
807 4085 923 4158 reddit,
951 4087 1003 4144 vix
1027 4086 1150 4146 dubium
1174 4108 1243 4147 esse

126 4198 237 4268 potest,
261 4192 332 4270 quin
351 4190 460 4269 prioris
483 4189 553 4247 olim
574 4189 651 4248 haee
674 4191 772 4250 forma
793 4191 900 4250 fuerit:

278 4368 470 4384 .......
493 4328 544 4382 sed
565 4325 619 4384 rade
646 4329 756 4384 vetulus
777 4327 933 4386 curata-ius.
