2760 4890
611 338 868 388 commeasses.
979 348 983 360 ·

332 504 396 560 Non
417 517 493 558 anus
516 507 623 558 mentes
642 503 732 574 agitat
752 499 857 573 furor:
877 500 925 557 ille
946 501 1056 556 sororis

331 610 367 666 la
390 609 521 677 manibus
543 610 620 664 vulta
643 607 834 663 Eumenidum
856 613 984 665 terretur
1005 614 1033 664 et
1054 609 1122 681 igni,

331 718 388 774 Hic
409 717 476 772 boae
490 729 632 786 pereussa
653 714 763 786 mugire
784 714 997 788 Agamemnona
1015 715 1107 771 eradit
1129 692 1131 696 Α

331 820 387 882 liat
408 823 549 880 Itbaeam.
573 827 682 893 pareat
705 823 808 879 tunicis
831 824 895 878 licet
916 829 1002 895 atque
1024 823 1160 890 lacernis,

332 931 481 989 curatoris
502 936 572 1002 eget,
593 929 761 1002 quinarem
783 932 925 987 mercibus
944 931 1041 1002 implet
1062 946 1088 985 e.
1112 945 1140 1005 q.
1159 946 1185 985 s.

179 1086 222 1146 Ut
248 1084 419 1165 putaverim
443 1101 482 1140 ne
504 1081 672 1140 Varronem
695 1079 831 1161 quidem,
854 1081 1034 1161 praesertim
1053 1081 1085 1139 in
1107 1087 1297 1147 Euaemonis,

164 1171 362 1249 'abstinuisse
381 1185 500 1247 Orestis
522 1186 671 1266 exemplo.

263 1295 335 1354 Non
362 1296 406 1352 ita
431 1293 524 1372 plana
551 1293 697 1352 sunt'frr.
721 1293 786 1351 XX
810 1300 841 1350 et
860 1293 976 1351 XXII:
1010 1312 1194 1373 quamquam
1221 1293 1297 1352 illud

178 1403 239 1461 hue
261 1401 415 1480 pertinere
439 1400 635 1476 interrogatio
663 1407 693 1457 tu
721 1419 777 1457 aaa
804 1403 934 1457 insanis?
961 1398 1073 1458 indicio
1099 1406 1161 1458 est:
1186 1420 1296 1479 prono·

179 1508 259 1566 mine
286 1507 340 1566 illo
367 1514 487 1592 ta'non
514 1526 591 1564 unus
619 1505 865 1591 interlocutorum
893 1504 1080 1589 appellatur,
1113 1504 1170 1565 sed
1191 1507 1295 1566 neseio

180 1613 265 1692 quis,
304 1631 393 1691 quem
431 1612 585 1688 aasIIgans
614 1611 736 1672 Veritas
771 1610 829 1670 sibi
856 1610 895 1670 ob
927 1610 1031 1670 oeulos
1058 1612 1159 1690 ponit:
1191 1631 1295 1692 quem·

179 1719 342 1780 admodum
364 1738 431 1777 eum
450 1718 571 1796 saepius
593 1715 666 1776 alibi
685 1716 832 1776 Horatius
855 1726 918 1776 tum
937 1719 969 1777 in
989 1718 1049 1777 hae
1066 1718 1134 1797 ipsa
1155 1738 1217 1798 qua
1237 1720 1296 1778 uti·
1319 1757 1327 1766 ι

178 1848 243 1886 mur
265 1837 383 1886 satura:
407 1826 446 1885 ef.
470 1845 500 1882 v.
523 1831 573 1886 126
602 1826 665 1881 Tan
685 1841 789 1895 sanus,
816 1825 899 1903 quod
920 1844 1013 1904 supra
1036 1821 1133 1896 attuli,
1157 1822 1199 1883 ad
1221 1846 1295 1885 ava·

178 1953 257 2006 rum,
287 1953 378 2013 quem
401 1931 538 2011 depingit
558 1930 774 2009 Damasippus,
800 1929 939 1990 relatum.
984 1929 1036 1989 Sia
1058 1919 1232 1991 Varro'illo
1256 1935 1294 1993 fr.

177 2040 297 2109 videtur
316 2039 503 2098 luxuriosum
527 2045 556 2096 et
575 2037 706 2116 aliquem
727 2037 952 2096 Nomentanum
974 2037 1146 2116 appellare:
1171 2043 1214 2099 Tu
1237 2061 1295 2099 noa

177 2150 305 2205 insanis?
326 2165 382 2220 qua
404 2148 453 2203 tibi
472 2147 536 2202 aino
555 2162 662 2217 corpus
683 2148 846 2218 corrumpis
867 2153 966 2201 mero?
995 2143 1075 2203 Nam
1094 2145 1173 2205 haee
1197 2167 1236 2207 ex
1258 2168 1296 2208 ea

177 2261 264 2334 parte
295 2260 414 2332 sumpta
433 2249 576 2323 arbitror,
599 2271 660 2330 qua
681 2251 814 2310 luxuries
836 2251 951 2330 pariter
972 2257 1006 2307 ut
1028 2258 1137 2328 postea
1163 2253 1295 2314 avaritia

146 2418 151 2427 ,
176 2359 444 2439 perstringebatur.
490 2357 538 2416 Aa
563 2357 631 2416 fieri
652 2359 765 2437 potuit,
793 2366 826 2416 ut
846 2357 943 2417 Varro
967 2377 1050 2416 more
1072 2377 1126 2417 suo
1149 2358 1200 2418 hia
1219 2381 1294 2440 quo·

177 2486 237 2547 que
264 2467 402 2525 luxuriae
431 2470 598 2543 opponeret
625 2463 808 2540 frugalitatis
831 2463 1018 2542 exemplum:
1043 2473 1160 2524 utnon
1182 2466 1293 2544 impro-

176 2571 319 2630 babiliter
346 2571 477 2630 fortasse
501 2570 560 2629 hnc
588 2569 739 2629 referatur
764 2571 801 2630 fr.
831 2581 862 2634 11
892 2573 1006 2630 Patella
1034 2577 1174 2632 esurienti
1195 2580 1293 2649 posita

172 2686 313 2752 provocat
326 2679 533 2752 Neapolitanas
545 2681 688 2751 piscinas:
710 2676 741 2735 in
760 2697 820 2757 quo
834 2697 895 2736 non
912 2685 959 2736 est
978 2677 1059 2757 quod
1069 2683 1211 2753 patellam
1225 2701 1294 2740 oum

178 2783 312 2843 Oehlero
335 2785 406 2862 ‘pro
426 2785 510 2843 tenui
528 2785 630 2842 vietu’
656 2784 786 2862 positam
804 2783 1004 2863 accipiamus3
1027 2786 1116 2845 immo
1138 2786 1198 2846 hoa
1220 2788 1295 2848 dieit

177 2891 291 2951 Varro:
315 2889 414 2949 tenuis
435 2891 552 2970 patella
574 2888 717 2973 esurienti
731 2891 831 2976 posita
846 2889 938 2949 facile
952 2889 1048 2949 vineit
1063 2889 1131 2968 (vel
1145 2905 1295 2972 provocat

177 3017 232 3076 spe
244 2996 391 3064 victoriae
407 2994 499 3075 freta)
517 2995 649 3055 delicata
666 2997 855 3071 scitamenta,
871 2996 980 3077 quibus
996 2997 1120 3056 titillare
1136 3018 1293 3076 ganeones

175 3104 313 3184 palatum
338 3105 451 3165 solent:
481 3124 535 3182 pro
563 3103 724 3163 cuiuslibet
744 3106 824 3164 enim
845 3104 966 3182 generis
988 3103 1078 3180 gulae
1096 3103 1293 3168 irritamentis

175 3212 309 3290 piscinas
338 3208 507 3291 appellavit
533 3211 770 3290 Neapolitanas,
803 3210 841 3269 de
867 3210 977 3291 quibus
1006 3210 1046 3269 ef.
1069 3210 1167 3270 Varro
1190 3233 1292 3272 rerum

175 3319 355 3378 mstiearum
378 3318 428 3387 III
449 3329 481 3391 3,
505 3330 547 3381 lo.
577 3327 620 3391 17,
643 3327 669 3382 9.
713 3317 764 3376 Fr.
788 3316 888 3374 XXII
914 3318 1021 3394 putavi
1048 3316 1199 3376 insaniam
1227 3320 1293 3378 eius

176 3426 335 3507 castigari,
365 3427 417 3506 qui
444 3446 511 3484 oum
538 3427 604 3505 ipse
628 3419 812 3483 delicatulae
832 3423 916 3480 vitae
938 3420 1112 3498 indulgeat,
1143 3423 1291 3497 villicum,

176 3551 265 3611 quern
292 3553 363 3593 aero
390 3532 526 3612 paravit,
560 3531 662 3590 multis
688 3528 785 3588 modis
809 3527 889 3586 male
916 3528 1030 3587 habeat
1064 3529 1292 3610 crudeliterque

174 3646 324 3719 torqueat,
344 3659 414 3698 mox
435 3647 469 3696 ut
490 3638 559 3697 usui
580 3638 640 3696 iam
663 3635 738 3694 nulli
759 3654 827 3694 esse
849 3632 956 3713 possit.
1000 3634 1121 3693 Favere
1143 3634 1215 3693 huia
1238 3655 1291 3694 ex·

173 3745 330 3824 plicationi
356 3745 539 3806 videbantur
566 3753 597 3804 et
624 3741 745 3803 Horatii
771 3761 894 3821 versus,
922 3759 999 3821 quos
1024 3759 1117 3818 supra
1144 3739 1176 3798 in
1198 3740 1293 3799 alium
1330 3729 1340 3741 ’

173 3871 260 3910 usum
285 3851 425 3925 adhibui,
451 3860 502 3914 128
522 3871 607 3931 sqq.:
1032 3839 1037 3846 χ

576 3989 716 4061 papalum
736 3989 763 4043 si
781 3988 902 4042 caedere
924 3987 1009 4041 sanis

325 4093 454 4165 Iac'ipnas
474 4111 606 4152 servosne
628 4100 676 4150 tuo
698 4109 769 4165 qnos
790 4109 859 4150 aare
880 4094 1009 4164 pararis,

325 4201 465 4260 lasanum
486 4208 512 4258 te
536 4219 562 4258 e.
586 4220 616 4279 q.
640 4219 665 4258 s.

175 4347 206 4398 et
227 4336 382 4398 Iuvenalis
405 4335 443 4397 de
465 4345 570 4397 satura
590 4336 687 4415 prima
708 4343 742 4398 92
764 4355 826 4413 sq.:
