2760 4890
563 351 825 402 coruncanum.

287 500 393 566 Dianas
407 512 509 566 maltos
524 512 601 583 quod
615 529 729 584 parom⁴
740 530 775 568 ea
793 533 849 571 non
865 515 989 586 pdterat,
1007 516 1153 573 muliere'm
1168 517 1258 589 foras

293 616 415 672 Baetcre
436 620 527 674 iussit.

137 748 281 808 Attamen
310 759 343 808 ut
371 750 429 809 hoc
456 750 569 828 largiar
589 753 747 833 Roepero,
777 775 816 812 ne
839 756 883 814 sie
906 755 1028 834 quidem
1055 755 1191 814 concedo
1216 756 1255 814 de

135 855 187 914 illo
211 876 310 915 versu.
343 856 457 934 Quidni
481 859 560 915 enim
579 868 701 917 servata
723 861 893 938 imperfecti
916 862 1014 919 forma
1034 862 1077 919 sic
1095 861 1254 920 dimetiar:

286 998 395 1083 Fry'pio
419 1014 469 1082 qui
490 1009 628 1082 prclviaar
649 1020 765 1084 poterat
778 1014 901 1086 pingere
923 1018 1013 1072 soliar
1035 1015 1216 1088 depirrpebat,

26 1222 28 1228 ,
135 1162 184 1220 vel
208 1163 234 1219 si
256 1170 358 1219 tanren
379 1161 452 1219 ferri
473 1162 580 1242 nequit
602 1182 661 1222 vox
685 1162 838 1242 dactylica

288 1343 293 1354 .
319 1342 325 1354 .
350 1342 356 1354 .
381 1342 388 1355 .
410 1289 511 1372 sry‘pio
531 1303 582 1371 qai
599 1299 737 1372 prolatam·
753 1308 870 1373 poterat
887 1300 1011 1375 pingere

190 1470 193 1475 ⁴
288 1405 383 1461 Soliar
403 1405 582 1478 depiape'bat.

137 1556 242 1616 Scribo
264 1565 364 1614 autem
387 1560 570 1630 depingebat,
595 1577 662 1615 cum
684 1557 820 1616 inlibris
845 1555 889 1635 (p.
912 1568 938 1631 3,
962 1558 1011 1636 24)
1035 1560 1074 1617 sit
1096 1564 1253 1634 desipebat,

136 1664 194 1720 nisi
217 1661 299 1740 quod
320 1681 376 1720 ms.
394 1661 488 1720 Fabri
510 1666 667 1736 depipcbat.
713 1661 852 1739 Scaliger
879 1668 1053 1738 laevigabat:
1087 1666 1253 1725 Turnebus

136 1771 311 1841 defingebat:
335 1766 466 1844 denique
488 1769 645 1842 deaepabat
668 1765 830 1831 Oehlerus

220 1873 378 1932 Infelicius
396 1873 496 1944 etiam,
520 1873 546 1931 si
563 1873 635 1952 quid
651 1875 759 1946 sentiO,
784 1875 942 1954 Roeperus
957 1883 1252 1936 Fusouroamscrnaor

135 1983 172 2038 sr.
204 1990 236 2040 10
263 1980 421 2038 tractavit:
456 1982 550 2037 Novas
579 1984 703 2037 maritus
729 1985 865 2040 tacitalas
886 1989 977 2041 taccias
1001 1990 1105 2044 stecoris
1127 1990 1253 2045 solvebat

133 2090 286 2160 cingulum,
311 2085 393 2163 quod
414 2086 458 2143 ita
479 2084 651 2161 distinguit:

285 2222 369 2279 adoa'
389 2225 511 2280 maritas
535 2222 639 2278 tacitus
660 2224 751 2277 raaia
772 2224 876 2280 axoris
896 2228 984 2283 solvet
1005 2226 1159 2301 clamatum.

135 2357 234 2430 Illud,
264 2356 346 2437 quod
372 2355 507 2435 lepidam
532 2364 562 2415 et
585 2355 680 2413 altero
702 2356 848 2416 Varronis
873 2361 1012 2439 exemplo
1034 2361 1184 2420 firmatam
1207 2362 1251 2420 lo-

136 2466 297 2536 cutionem,
321 2483 399 2543 quae
424 2471 471 2522 est
494 2466 629 2520 tacitalas
652 2467 757 2533 rosim,
789 2466 931 2538 mutavit,
958 2466 1249 2544 infraexpendam:

133 2590 213 2629 nune
237 2569 274 2628 de
296 2569 475 2648 imperfecto
499 2570 631 2644 agimus:
656 2567 694 2626 de
717 2587 776 2647 quo
799 2569 953 2643 Kochius,
979 2591 1066 2650 quem
1091 2574 1251 2652 Roeperus

133 2700 193 2738 non
214 2679 315 2748 novit,
350 2677 381 2732 in
405 2674 672 2734 exercitationibus
693 2697 724 2754 p.
745 2685 780 2736 Ἃ
800 2686 888 2735 caute
908 2678 964 2735 ait:
993 2678 1187 2737 ‘audaculum
1212 2681 1252 2738 sit

132 2788 257 2844 solvebat
278 2790 394 2842 mutare
409 2782 441 2839 in
461 2784 551 2852 solvit,
576 2783 715 2860 quamvis
738 2785 781 2841 ita
802 2783 975 2862 proditurus
992 2785 1032 2842 sit
1045 2791 1113 2843 tetr.
1133 2785 1249 2845 trocb.:

284 2922 380 2978 Nriaas
401 2921 523 2975 mumius
543 2918 680 2976 tacitalas
699 2925 790 2978 taaim
814 2923 918 2978 aceras
939 2925 1020 2979 saluit
1041 2922 1212 2994 cingulum?

133 3060 176 3119 At
197 3077 271 3116 vero
295 3054 376 3135 quod
396 3053 458 3112 illis
480 3052 627 3131 exemplis
648 3057 747 3114 cautio
771 3055 920 3114 suadebat
940 3057 1085 3114 intactum
1108 3056 1252 3136 relinqui,

132 3168 197 3224 eius
226 3165 257 3222 in
283 3163 341 3220 hoc
374 3159 573 3218 demonstrari
600 3161 770 3219 necessitas
799 3180 815 3219 e
842 3181 959 3220 conexu
988 3171 1110 3220 saturae
1137 3171 1250 3240 potest.

58 3342 62 3352 Ι
131 3271 228 3331 Varro
251 3269 340 3340 enim,
362 3266 393 3324 id
414 3264 495 3344 quod
514 3265 545 3323 iu
568 3272 709 3343 promptu
729 3275 794 3324 erat
809 3267 1001 3343 intellegere,
1025 3268 1055 3325 in
1071 3267 1129 3325 hac
1146 3276 1252 3327 satura

132 3396 197 3436 eum
221 3376 259 3434 de
278 3374 346 3433 aliis
366 3371 457 3431 rebus
480 3379 542 3428 tum
565 3369 604 3429 de
626 3369 783 3428 Romanae
808 3374 942 3448 coniugis
957 3374 1022 3431 vita
1036 3373 1156 3452 pristini
1174 3381 1249 3431 tem-

131 3483 212 3561 poris
241 3481 346 3540 virtuti
373 3497 409 3536 ac
437 3475 655 3536 sanctimoniae
681 3475 864 3555 depravatos
892 3499 992 3538 novae
1015 3480 1125 3538 aetatis
1148 3499 1250 3538 mores

132 3587 266 3665 opponit.
291 3585 339 3644 Of.
351 3604 443 3663 supra
454 3605 484 3662 p.
499 3593 572 3662 bsq.
590 3591 621 3640 et
635 3583 842 3643 Mommsenus
857 3585 888 3643 in
902 3585 1030 3645 historia
1045 3585 1184 3644 Romana
1197 3576 1250 3644 III

130 3712 159 3769 p.
177 3701 238 3754 589.
277 3692 325 3748 Ex
344 3691 425 3750 illius
448 3689 667 3768 descriptione,
697 3689 847 3768 quadres
869 3693 937 3771 ipsa
959 3691 1064 3762 docet,
1094 3701 1249 3770 sumptum

131 3805 177 3853 est
202 3795 260 3852 hoc
296 3793 333 3853 de
368 3816 426 3875 quo
458 3795 584 3854 dicimus
618 3795 836 3871 fragmentum,
867 3799 915 3855 eui
939 3801 978 3856 ne
1011 3796 1099 3855 deest
1125 3796 1248 3874 quidem

132 3898 213 3979 quod
245 3919 283 3957 ex
318 3899 415 3959 altera
449 3908 535 3980 parte
568 3901 761 3980 respondeat.
817 3905 936 3983 Nempe
963 3905 1006 3963 ita
1038 3902 1104 3959 fere
1131 3902 1247 3969 Varro:

132 4009 201 4063 otim
225 4023 313 4063 novas
334 4009 456 4063 maritas
477 4011 590 4079 axoris,
612 4028 698 4082 qraam
720 4013 776 4068 rite
798 4012 934 4080 disserat,
956 4013 1099 4083 argutam
1121 4014 1152 4067 ia
1174 4013 1248 4070 lecto

127 4115 359 4185 periclitandos
383 4115 523 4170 solvebat:
552 4134 629 4174 aratro
649 4122 728 4192 sirpo
751 4117 883 4173 Romana
910 4123 1015 4173 temere
1038 4125 1126 4189 rapta
1155 4136 1173 4172 a
1196 4134 1245 4173 ne-

126 4223 185 4276 scio
206 4238 261 4291 qua
281 4224 405 4276 mraelionc
424 4223 553 4297 raptoris
573 4227 697 4280 ramices
718 4224 835 4296 rumpit.
865 4221 917 4279 Sic
933 4219 1011 4279 enim
1033 4223 1175 4298 coniungi
1192 4222 1244 4280 de-

126 4321 239 4381 bebant
260 4325 311 4382 frr.
334 4335 365 4386 10
387 4333 418 4382 et
439 4336 465 4387 8.
510 4326 553 4385 Ut
579 4337 736 4407 appareat,
762 4347 852 4407 qnam
874 4347 940 4408 non·
958 4326 1097 4386 debuerit
1119 4332 1245 4411 solvebat
