2760 4890
194 328 235 388 94
628 336 884 385 commoramur.

170 497 289 557 ·Andr.
311 506 363 560 633
386 495 444 575 (IV
465 506 489 568 l,
510 491 540 571 9)
561 496 680 573 spurius
702 494 825 554 videtur
848 503 954 554 contra
978 515 1014 554 ac
1038 496 1120 554 visus
1142 505 1189 556 est
1211 497 1311 556 Lach-

193 624 303 663 manno
328 602 368 662 ad
389 602 525 664 Lucretii
547 602 580 661 Il
603 613 653 665 118
674 624 704 683 p.
724 612 769 666 81.
814 601 919 680 Quare
939 601 999 660 nisi
1022 601 1090 680 quis
1111 622 1166 680 pro
1188 603 1311 661 creticis

192 710 372 769 bacchiacos
395 703 462 768 esse
484 709 561 768 velit
580 709 752 791 systematis
774 709 980 789 perpetuitate
1005 709 1205 767 cohaerentes

343 819 410 874 cuod
429 809 507 891 sonte
528 817 570 875 ati
589 835 652 877 cum
673 818 803 892 inrigavit
822 817 921 875 consilo
944 835 995 873 aa·

340 928 413 982 rium
435 919 569 997 *defracto
589 927 618 980 in
640 924 737 985 dham
758 926 872 998 vocatos,

192 1032 276 1091 cuius
303 1030 425 1108 generis
450 1029 621 1108 exemplum
649 1029 872 1090 Varronianum
894 1027 934 1088 G.
962 1027 1157 1087 Hermannus
1184 1025 1313 1105 protulit

191 1140 221 1197 in
251 1137 411 1196 elementis
440 1135 468 1194 d.
494 1157 532 1195 m.
560 1156 590 1214 p.
616 1145 682 1209 303,
712 1135 898 1214 praestabit,
926 1154 986 1214 quo
1013 1134 1172 1211 integritas
1202 1134 1312 1192 cretici
1340 1136 1344 1147 '

192 1254 325 1317 constet,
348 1244 412 1302 leni
432 1242 620 1302 correctione
641 1259 710 1300 cava
732 1246 848 1300 Aurium
879 1242 971 1302 scribi
989 1262 1045 1322 pro
1068 1250 1175 1299 cavata.
1218 1237 1310 1316 Quae

189 1360 351 1430 praeterea
371 1351 403 1408 in
431 1369 467 1407 eo
490 1367 581 1406 versu
605 1347 641 1405 ob
663 1369 803 1408 numeros
827 1351 957 1426 mutavi,
986 1357 1057 1409 sunt
1077 1348 1243 1424 illalonge
1264 1346 1311 1404 le-

190 1460 277 1517 viora
308 1457 368 1528 eis,
400 1453 510 1534 quibus
544 1453 681 1513 Kochius
710 1455 902 1515 tolerabilem
932 1456 1119 1515 octonarium
1145 1440 1311 1513 iambicum
1342 1522 1345 1529 1

165 1597 170 1606 ·
191 1563 305 1635 effecit,
328 1581 417 1642 quem
435 1559 586 1639 pedestris
603 1561 700 1618 oratio
723 1562 868 1641 excipiat.
914 1561 994 1624 Vide
1017 1563 1082 1621 eius
1103 1556 1261 1619 molimina
1280 1567 1312 1616 et

191 1673 221 1730 in
241 1671 300 1728 hoc
324 1677 354 1728 et
375 1669 408 1727 in
430 1668 499 1727 fat
521 1687 613 1746 supra
632 1688 662 1745 p.
680 1677 723 1730 66.
752 1655 789 1726 In
811 1669 899 1733 initio
924 1688 1030 1730 versus
1046 1686 1061 1726 c
1079 1667 1178 1727 adieci
1193 1667 1312 1737 (Varro

115 1813 117 1816 <
148 1781 380 1858 gParmeno'ne:
405 1771 558 1854 [e]>cavo),
589 1775 687 1832 iama
715 1775 833 1854 Popma
854 1775 1003 1834 nihildum
1023 1774 1064 1837 de
1092 1773 1232 1834 versibus
1259 1793 1308 1831 re·

191 1885 344 1962 cogitante
366 1881 550 1961 praefixum:
576 1886 665 1939 etuti
683 1882 791 1960 scripsi
806 1903 860 1962 pro
880 1892 916 1940 ut.
942 1883 999 1940 Est
1014 1889 1116 1941 autem
1132 1880 1201 1952 hoc,
1225 1878 1309 1959 quod

191 1991 265 2050 dicit
287 1990 401 2062 Varro,
424 1997 454 2046 ul
475 2006 537 2046 cum
558 2006 678 2065 prorsus
704 1989 855 2065 geminum
878 1998 1040 2048 consuetae
1062 1986 1245 2054 Homericae
1276 1986 1307 2044 in

190 2094 464 2175 comparationibus
485 2093 631 2152 locutioni
654 2083 693 2164 ὡς
714 2085 769 2151 ὅτε.
815 2093 921 2154 Simile
944 2097 974 2154 in
995 2103 1155 2155 Psoasrnao
1172 2103 1307 2153 lacrumo

188 2204 226 2263 fr.
249 2213 265 2264 2
287 2180 317 2261 ul
335 2207 373 2274 si,
405 2199 483 2281 quod
516 2200 554 2259 ab
583 2199 717 2261 Oehlero
741 2202 892 2261 sublatum
924 2202 1097 2261 Meinelrius
1125 2203 1307 2264 vindicavit.

189 2309 432 2388 Comparationis
454 2308 532 2366 ratio
554 2308 586 2366 in
609 2327 645 2367 eo
669 2308 838 2386 fragmento
861 2309 938 2368 haec
962 2328 1029 2369 esse
1050 2308 1189 2385 videtur,
1218 2318 1252 2368 ut
1275 2311 1305 2368 in

188 2420 297 2478 silvam
319 2418 373 2477 ille
395 2415 499 2473 nescio
527 2414 595 2492 quis
622 2434 735 2473 vocans
764 2434 854 2475 aures
877 2417 941 2475 acri
967 2434 1044 2474 voce
1076 2416 1163 2494 quasi
1191 2415 1307 2493 frigida

188 2547 267 2606 aqua
290 2526 416 2601 irrigare
441 2519 568 2578 dicatur.
618 2519 712 2579 Cuius
734 2521 931 2601 metaphorae
953 2516 999 2579 vis
1023 2539 1062 2580 ex
1086 2522 1226 2592 irrigandi
1247 2540 1306 2579 usu

188 2622 373 2713 explicatur,
396 2605 486 2705 quem
509 2625 647 2704 Scaliger
667 2627 800 2687 illustrat
825 2628 857 2685 in
879 2625 1036 2686 catalectis
1064 2645 1094 2703 p.
1123 2635 1158 2688 89
1189 2628 1309 2702 ‘irrigui

76 2740 78 2746 '
186 2745 262 2815 lynea
279 2756 335 2814 per
356 2753 445 2812 poros
468 2752 503 2790 ac
524 2741 641 2792 meatus
663 2737 844 2793 manantes?
888 2734 940 2792 Fr.
966 2743 982 2795 5
1005 2736 1071 2791 lotos
1090 2733 1229 2792 Mercero
1251 2732 1305 2792 de·

187 2844 290 2915 betur,
314 2840 385 2899 libri
407 2838 503 2917 (Non.
526 2859 555 2916 p.
577 2847 645 2912 486,
668 2839 715 2920 12)
737 2845 808 2900 latos
831 2841 984 2927 frequenti
1007 2860 1024 2898 a
1046 2847 1077 2898 et
1105 2857 1122 2896 o
1150 2838 1304 2897 vocalium

186 2946 415 3028 permutatione.
460 2944 542 3004 Vide
559 2946 749 3005 coniunctam
770 2954 804 3005 ut
824 2940 875 3006 hic‘
898 2967 965 3006 cum
986 2945 1119 3024 platanis
1138 2945 1194 3004 loti
1218 2967 1302 3005 men·

186 3056 299 3112 tionem
326 3053 356 3111 in
389 3051 496 3111 Oulice
518 3073 547 3111 v.
578 3062 644 3116 123:
671 3057 767 3111 adriae
783 3057 909 3127 platani,
935 3057 1005 3110 inter
1025 3068 1096 3127 quas
1119 3055 1204 3126 impia
1226 3055 1302 3111 lotos.

135 3227 140 3239 .
185 3159 249 3218 Alii
272 3157 427 3217 malebant
449 3165 542 3232 lucae,
564 3158 650 3240 quod
661 3160 713 3238 qui
731 3159 900 3237 praeferet,
924 3157 1049 3217 debebit
1068 3153 1203 3214 ordinem
1221 3154 1302 3230 frag-

147 3309 152 3316 -
185 3265 512 3324 mentorum'nonnihil
540 3249 702 3326 invertere.
742 3267 805 3324 Ictu
830 3263 948 3337 addidi,
974 3282 1024 3323 ne
1038 3281 1146 3321 versus
1169 3269 1302 3320 ceterum

186 3371 361 3431 certissimis
398 3370 520 3430 indiciis
562 3370 700 3451 proditus
745 3372 844 3457 labet:
891 3369 1144 3454 quemadmodum
1182 3368 1303 3427 Plinius

185 3479 267 3538 XIX
286 3487 304 3539 4
325 3481 452 3538 arborem
472 3480 566 3536 sardas
592 3482 688 3538 ictibus
715 3484 796 3539 caedi
815 3479 903 3539 dixit.
948 3479 1008 3538 Est
1030 3484 1131 3536 autem
1158 3479 1214 3534 ictu
1240 3492 1303 3562 cac·

184 3590 257 3644 ditur
278 3606 332 3665 pro
353 3604 408 3643 uno
427 3590 497 3652 ictu,
518 3592 552 3642 ut
570 3584 714 3644 Lucanus
742 3587 804 3645 VII
824 3596 892 3649 622:
925 3591 985 3661 qais
1004 3591 1122 3643 corruat
1143 3587 1218 3640 ictu?
1240 3585 1303 3639 Alta

184 3693 242 3751 hoc
266 3713 356 3751 versu
376 3712 437 3750 non
457 3691 555 3768 magis
576 3690 683 3750 licebit
704 3693 734 3751 in
753 3698 807 3752 ulia
828 3712 918 3773 quam
939 3691 977 3774 fr.
999 3701 1016 3754 6
1035 3695 1091 3748 alia
1110 3690 1141 3747 in
1160 3692 1218 3746 alta
1238 3708 1300 3746 rnu-

184 3807 260 3858 tare.
296 3799 357 3858 Hic
381 3799 550 3858 enimcum
573 3806 644 3876 apte
668 3817 706 3856 ex
729 3798 790 3858 alto
814 3799 898 3858 frons
920 3791 1063 3858 decidere
1084 3795 1214 3871 dicatur,
1237 3794 1302 3853 illic

184 3907 229 3964 eis
266 3926 345 3985 quae
380 3904 489 3964 ictibus
523 3903 691 3964 caeduntur
720 3905 877 3964 arboribus
916 3905 977 3964 alia
1012 3903 1095 3963 trabs
1128 3903 1302 3982 opponitur,

185 4031 264 4092 quae
287 4009 426 4070 cadendo
447 4011 538 4070 obvia
561 4012 683 4088 frangit.
717 4013 754 4070 In
777 4013 889 4071 ceteris
909 4011 1115 4070 hallucinatur
1140 4008 1301 4082 OehleruS,

184 4119 236 4198 qui
257 4122 314 4176 alla
333 4119 417 4192 frons
439 4121 539 4175 decidit
560 4121 686 4176 Palladis
700 4123 835 4194 platanus
857 4122 944 4175 ramis
967 4118 998 4175 in
1021 4118 1109 4175 unius
1128 4115 1302 4174 sententiae

184 4226 328 4285 ambitum
352 4225 494 4302 coniungi
504 4223 642 4297 ··suadet,
665 4224 697 4282 in
723 4245 783 4304 quo
800 4228 935 4297 platanus
951 4224 990 4282 sit
1009 4223 1180 4300 genetivus.
1212 4222 1301 4300 Quae

183 4334 293 4407 forma,
326 4352 417 4412 quam
441 4352 501 4390 non
523 4351 603 4409 nego
625 4339 658 4388 ut
672 4330 786 4389 similes
805 4331 913 4390 multas
933 4330 986 4408 (cf.
1007 4329 1042 4388 (l.
1061 4330 1097 4388 L.
1119 4327 1302 4387 Schneideri
