2760 4890
543 337 799 386 conmortuus.
1190 329 1230 391 33

115 494 245 557 subinde
267 496 344 556 alias
366 497 494 569 accidit,
522 506 555 557 ut
576 517 592 556 e
614 496 822 574 conglutinata
842 495 964 556 demum
986 496 1108 557 diversa
1131 498 1231 559 diver·

114 621 217 661 sorum
244 604 369 663 testium
391 605 537 664 memoria
563 604 678 663 veritas
707 611 875 678 constaret,
905 605 1018 663 hocin
1039 613 1143 664 nostro
1161 605 1231 664 loco

114 708 159 767 ita
181 710 300 782 evenit,
327 717 360 768 ut
387 730 404 769 e
432 709 549 770 duabus
576 730 637 768 non
666 710 709 769 ita
732 709 927 769 dissimilibus
949 709 1076 771 vocibus
1103 713 1232 772 alteram

114 816 212 875 maior
232 836 304 903 pars
324 816 477 890 codicum,
500 818 628 877 alteram
649 837 725 875 unus
748 825 831 875 certe
848 816 935 875 testis
954 836 1015 875 non
1036 827 1230 878 contemnen-

114 920 172 982 dus
185 911 374 1004 perhiberet.
408 923 519 1003 Itaque
541 924 585 982 sic
606 924 725 984 demum
747 924 918 983 sententiae
932 943 1018 982 suum
1039 922 1177 1003 leporem
1194 943 1231 982 ac

113 1027 215 1088 lucem
244 1010 385 1090 constare
409 1018 551 1088 arbitror:
584 1033 621 1089 ln
651 1034 776 1090 bucolico
803 1033 932 1089 cubiculo
957 1033 1084 1089 dormire
1108 1033 1230 1100 mollem,

112 1138 222 1194 scilicet
238 1144 328 1210 potus
350 1140 445 1196 vinum
466 1146 559 1195 meum
582 1140 737 1208 ciborium,
768 1157 855 1212 quom
877 1157 928 1213 epo
949 1141 1025 1197 domi
1045 1141 1159 1195 ieiunus
1180 1156 1231 1195 cu-

112 1242 222 1298 barem.
267 1241 392 1303 sedne
414 1243 487 1324 quid
509 1243 710 1317 dissimulem,
740 1243 797 1302 fuit
821 1264 888 1303 cum
915 1245 953 1304 de
981 1262 1032 1320 epo
1054 1245 1231 1323 pronomine

114 1345 302 1422 dubitarem,
323 1371 396 1410 num
417 1351 568 1410 sincerum
586 1358 682 1424 esset,
706 1371 768 1410 non
789 1360 915 1431 propter
937 1354 1052 1432 ipsum,
1076 1350 1132 1411 sed
1149 1350 1245 1431 quod·

112 1472 225 1515 nomen
248 1454 470 1531 desiderarem,
494 1478 552 1538 quo
575 1461 746 1519 accuratius
768 1463 845 1519 domi
864 1459 1055 1532 definiretur,
1078 1458 1164 1522 velut
1184 1477 1231 1516 re-

110 1565 192 1636 yios,
222 1562 304 1644 quod
325 1564 450 1625 mirifice
471 1567 533 1624 vim
551 1566 749 1646 oppositionis
773 1566 950 1644 adaugeret.
994 1566 1050 1626 Oui
1072 1566 1233 1646 suspitioni
1333 1604 1337 1609 -

113 1669 243 1728 forsitan
258 1670 442 1749 praesidium
458 1671 582 1750 aliquod
604 1692 620 1731 e
638 1675 825 1753 recuperatis
843 1674 976 1732 numeris
993 1671 1136 1732 accedat:
1161 1692 1231 1732 nam

111 1776 216 1835 insunt
236 1796 311 1836 sane
333 1778 364 1836 in
386 1778 448 1837 illis·
470 1777 620 1858 ‘tempora
643 1790 727 1840 certa
749 1781 919 1861 modique':

265 1918 305 1990 'In
325 1934 450 1991 bucolico
470 1919 599 1991 stimulo
620 1935 747 1993 dormire
767 1939 879 1993 mallem
899 1933 1009 1992 scilicet

264 2040 355 2097 Pitus
372 2043 467 2098 vinum
484 2044 577 2098 merim
591 2044 748 2111 cibariam,
770 2060 856 2115 quom
875 2042 974 2116 raptae
988 2044 1063 2099 domi

264 2147 386 2207 Idiunus
407 2149 551 2208 ruborem.

111 2294 275 2358 Sententia
295 2309 397 2361 autem
417 2304 485 2382 ipsa
502 2302 618 2382 prodit,
644 2321 733 2381 quam
756 2302 887 2360 alienam
906 2321 925 2359 a
945 2319 1019 2358 sano
1036 2297 1231 2378 reliquiarum

111 2403 220 2464 ordine
249 2405 356 2466 sedem
382 2408 456 2492 huic·
481 2409 650 2487 fragmento
683 2407 833 2468 Oehlerus
860 2407 1032 2484 assignarit.
1081 2406 1119 2463 In
1147 2411 1232 2461 ttooro

112 2513 211 2586 euim,
235 2512 317 2573 unde
339 2514 393 2574 illa
413 2523 534 2596 sumpta
556 2523 640 2588 sunt,
665 2515 769 2592 ,Varro
791 2516 875 2575 vitae
895 2513 1046 2572 luxuriam
1067 2532 1122 2590 per
1144 2512 1233 2571 varia

81 2627 85 2633 '
109 2626 228 2694 g'enera
247 2618 288 2678 ad
307 2619 482 2699 frugalioris
502 2623 586 2682 vitae
607 2623 749 2702 exempla
773 2622 816 2680 ita
833 2619 1026 2698 exagitabat,
1049 2626 1082 2677 ut
1102 2639 1121 2676 a
1139 2638 1231 2696 gene-

110 2724 275 2785 ralioribus
302 2730 476 2809 praeceptis
506 2729 557 2808 (fr.
580 2743 606 2794 52
627 2730 657 2809 6)
685 2729 724 2789 ad
748 2729 848 2787 cultus
871 2727 1052 2805 habitusque
1075 2724 1233 2783 mollitiem

112 2834 317 2895 descenderet
338 2835 389 2917 (fr.
411 2845 438 2900 7.
453 2845 479 2900 8.
494 2834 536 2915 9),
558 2856 594 2895 ac
614 2834 748 2895 ciborum
768 2833 1033 2914 intemperantiam
1056 2830 1107 2911 (fr.
1128 2842 1170 2895 13.
1188 2841 1231 2893 14.

114 2952 158 3006 lii.
183 2940 228 3021 17)
258 2918 511 3023 immodicamque
539 2934 797 3022 compotationum
822 2941 978 2999 licentiam
1006 2938 1151 3016 deinceps
1180 2957 1230 2995 ca·
1289 3005 1292 3010 .

109 3050 283 3111 villaretur.
326 3048 429 3130 Atque
444 3050 476 3108 in
491 3049 551 3108 hac
566 3058 721 3130 postrema
737 3067 885 3108 censurae
902 3054 989 3125 parte
1005 3053 1142 3103 nostrum
1157 3040 1233 3101 illud
1314 3077 1317 3084 ·

110 3159 318 3237 fragmentum
345 3177 432 3217 suam
455 3157 526 3216 olim
549 3155 654 3215 sedem
675 3154 917 3215 habebat'iuxta
940 3151 1091 3223 cumbis,
1127 3170 1145 3209 a
1167 3149 1231 3229 qui-

109 3267 170 3327 bus
191 3267 301 3327 iniuria
324 3263 477 3326 Oehlerua
500 3265 648 3325 secrevit:

200 3430 235 3485 12
258 3422 437 3481 Tremellium
458 3422 683 3493 amplioremque
702 3419 821 3474 eandem
836 3417 930 3472 temeti
944 3432 978 3470 ac
990 3414 1086 3486 [orris
1099 3413 1232 3468 modium.
1318 3424 1321 3429 ·

200 3540 233 3592 ll
458 3528 566 3598 Capitis
588 3527 697 3583 cordua
715 3524 820 3597 fasciis
837 3524 900 3578 linit

260 3638 377 3694 Faciem
398 3634 426 3691 e't
448 3636 545 3693 labore
565 3632 649 3706 flotili
675 3631 776 3689 viridis
793 3632 908 3701 premit.

198 3755 233 3808 lo
255 3744 325 3814 Qum
341 3742 456 3816 poculis
477 3740 622 3814 orpe'nteis
643 3739 763 3796 eborum
781 3735 857 3792 intro
878 3735 927 3790 ibit
943 3732 1072 3805 pops'ao?

199 3849 233 3915 lb
254 3842 297 3910 'Ia
317 3851 442 3908 bucolico
465 3866 491 3905 e.
513 3865 542 3925 q.
566 3866 590 3904 s.

109 4005 253 4085 Quorum
272 4001 355 4084 quod
370 3988 504 4061 secundo
524 3998 593 4056 loco
608 3997 696 4076 posui
714 3994 805 4053 foede
820 3993 1008 4072 inquinatum
1022 3988 1114 4047 Nonii
1131 4006 1231 4046 erem-

107 4112 214 4194 plaria
237 4131 268 4191 p.
291 4118 359 4183 366,
384 4115 417 4170 14
442 4107 502 4175 hoc
530 4103 618 4162 modo
641 4100 780 4159 tradunt:
811 4098 972 4157 ‘Premere'
1000 4106 1103 4169 tepere.
1128 4127 1165 4134 —
1190 4126 1231 4135 -

116 4220 216 4279 Varro
237 4218 355 4275 Modio:
389 4216 507 4287 ‘capitis
529 4231 635 4271 corono
660 4212 777 4266 voccius
799 4211 863 4265 licei
883 4206 951 4279 foce
975 4212 1007 4261 ut
1027 4204 1125 4258 latore
1148 4201 1234 4271 fictili

106 4328 214 4387 viridia
237 4325 367 4399 premit!
409 4322 448 4381 In
476 4318 585 4400 quibus
615 4336 708 4375 unum
737 4314 905 4375 certissime
933 4310 1065 4369 restituit
1093 4304 1232 4389 Scaliger

164 4410 298 4490 Vrania,
316 4421 398 4479 (lom.
415 4437 445 4473 nc
458 4422 549 4473 Vsaa.
563 4433 623 4469 sar.
1012 4409 1029 4468 3
