2760 4890
668 1138 706 1218 V

220 1345 331 1423 Itaque
354 1361 408 1418 per
430 1348 611 1397 Primanorum
633 1338 853 1420 pedetemptim
876 1359 895 1397 a
913 1358 946 1397 re
962 1339 1090 1397 metrica
1111 1336 1151 1395 ad
1168 1357 1257 1396 enar·

136 1449 233 1509 randa
255 1457 425 1507 saturarum
450 1457 628 1524 argumenta
650 1467 752 1507 rursus
779 1445 874 1503 delati
897 1464 1008 1503 sumus.
1048 1445 1153 1524 Atque
1174 1463 1258 1502 nunc

558 1579 824 1645 sasqummxas
891 1570 896 1582 '

136 1704 224 1762 nobis
248 1702 286 1761 ad
308 1710 412 1780 partes
432 1711 567 1762 vocatur.
613 1703 706 1763 Ouios
731 1710 851 1760 saturae
875 1719 941 1758 cum
959 1698 1119 1777 Roeperus
1148 1696 1257 1757 dedita

138 1829 231 1889 opera
254 1827 355 1866 omnes
378 1808 525 1888 reliquias
546 1810 685 1870 versibus
707 1807 908 1879 describeret,
930 1813 1140 1883 argumentum
1161 1812 1194 1863 et
1210 1824 1256 1862 or-

136 1916 237 1975 dinem
261 1916 495 1992 fragmentorum
513 1914 578 1975 fere
599 1938 660 1976 non
682 1915 798 1992 tetigit,
819 1915 878 1974 nisi
897 1912 979 1992 quod
993 1931 1033 1971 ne
1055 1909 1114 1969 sibi
1130 1908 1257 1989 quidem

136 2042 202 2080 eam
225 2020 480 2095 distributionem,
504 2043 594 2101 quam
615 2021 766 2082 Oehlerus
788 2028 910 2080 secutus
933 2028 994 2093 est,
1016 2016 1139 2096 probari
1160 2017 1256 2094 signi·

135 2128 215 2185 ficat.
239 2127 275 2184 In
296 2127 501 2185 examinanda
523 2137 623 2187 autern
645 2125 830 2204 singulorum
848 2126 1086 2203 fragmentorum
1103 2124 1256 2202 scriptura

136 2232 224 2304 mihi,
245 2252 312 2289 cum
332 2233 434 2312 copias
452 2235 585 2312 Roeperi
600 2233 693 2292 nolim
713 2241 871 2312 repetere,
893 2229 1026 2289 breviori
1047 2248 1114 2287 esse
1138 2227 1255 2287 licebit.

134 2336 320 2395 Exordimur
342 2338 380 2395 ab
403 2341 616 2418 inscriptione,
640 2359 730 2419 quam
751 2338 871 2397 Plinius
892 2335 1084 2415 praefatione
1104 2332 1144 2392 ad
1164 2342 1255 2392 natu·

135 2443 231 2502 ralem
247 2444 402 2501 historiam
419 2446 498 2504 inter
515 2447 631 2504 iocosos
649 2445 795 2503 Varronis
810 2444 915 2504 titulos
930 2442 1033 2500 refert.
1055 2420 1128 2497 Hoc*
1142 2459 1255 2499 nomen

135 2559 251 2621 autem,
290 2548 371 2627 quod
401 2558 522 2608 saturae
551 2551 721 2627 praefixum
750 2559 810 2623 est,
845 2549 1052 2628 Sesquiulixis
1083 2546 1256 2606 Varronem

133 2653 308 2713 subindicat
336 2673 419 2711 suam
444 2652 576 2712 saturam
599 2655 636 2714 ad
660 2659 725 2715 cius
748 2677 839 2736 qnam
861 2657 952 2716 etiam
975 2657 1006 2713 in
1027 2661 1142 2712 Bmsroo
1163 2657 1256 2714 rumi-

134 2767 223 2818 natus
257 2757 367 2816 dicitur
404 2758 563 2840 Odysseae
602 2763 785 2823 Homericae
817 2761 1044 2822 similitudinem
1070 2762 1254 2821 adornasse:

135 2862 388 2946 quemadmodum
422 2863 564 2925 Cratinus
592 2869 663 2926 olim
698 2868 834 2929 eiusdem
866 2867 1025 2949 Odysseae
1059 2867 1195 2927 fabulam
1222 2869 1254 2926 in

134 2970 320 3039 comoediam
344 2988 429 3029 suam
445 2961 592 3043 Ὀδυσσεῖς
615 2985 816 3034 converterat.
850 2973 950 3032 Indici
964 2982 1085 3032 saturae
1100 2973 1255 3033 accedunt

134 3075 319 3153 fragmenta,
346 3096 473 3154 quorum
495 3079 643 3138 nonnulla
672 3081 797 3139 Ulixem
820 3079 982 3157 designant
1008 3088 1130 3157 aperte,
1165 3080 1255 3139 volut

133 3185 211 3244 haec
232 3187 306 3256 tria,
330 3203 416 3263 ,quae
448 3181 486 3241 ab
510 3181 644 3244 Ochlcro
671 3185 806 3264 dispesta
835 3193 866 3243 et
894 3185 1047 3243 sententia
1075 3194 1106 3245 et
1128 3206 1253 3265 compar

132 3293 356 3351 enuntiatorum
379 3293 474 3350 forma
497 3292 528 3350 in
550 3311 641 3349 unum
661 3291 761 3350 locum
785 3301 947 3351 convocat:

161 3471 168 3481 .
220 3438 248 3489 11
285 3430 405 3486 Navibus
431 3430 571 3485 duodecim
604 3430 711 3485 domum
733 3430 889 3502 profectum
915 3430 1007 3484 decem
1034 3443 1123 3483 annos
1151 3429 1252 3484 solidos

284 3551 405 3592 errasse.

216 3677 251 3730 20
281 3671 428 3743 Diogenem
447 3679 541 3742 postea
557 3672 675 3743 pallium
696 3672 783 3726 solum
804 3671 942 3741 habuisse,
966 3678 991 3725 et
1011 3669 1113 3726 habere
1143 3669 1250 3725 Ulixem

283 3793 389 3839 meram
412 3780 547 3832 tunicam:
567 3779 678 3847 pilleum
699 3777 759 3831 ideo
781 3794 836 3833 non
855 3776 964 3832 babere.
1020 3755 1021 3758 Ἴ

219 3919 251 3971 10
285 3951 291 3964 .
317 3951 324 3965 .
345 3912 418 3983 quod
434 3911 562 3968 Minerva
579 3920 698 3983 propter
719 3910 772 3965 atel
791 3913 820 3966 io
838 3911 997 3984 significdre
1018 3927 1080 3965 eaor

280 4016 401 4088 Propter
423 4018 586 4072 doctrinam.

129 4151 178 4207 De
201 4148 350 4227 scriptura
372 4150 516 4227 postremi
541 4159 670 4209 nonest
692 4149 773 4230 quod
796 4148 938 4207 adiiciam
960 4150 1037 4224 illis,
1061 4170 1139 4228 quae
1161 4171 1190 4228 p.
1213 4160 1248 4211 98
1303 4153 1313 4179 ¹

127 4275 172 4335 sq.
187 4253 348 4334 disputavi.
382 4255 450 4335 Quo
473 4276 539 4314 cnm
561 4257 703 4335 Roepero
726 4256 866 4314 videatur
889 4253 998 4314 ‘Varro
1021 4256 1127 4315 ludere
1152 4258 1245 4315 inter-
