2760 4890
192 310 233 373 32
617 319 877 367 nortmannum.

190 487 245 541 lica
271 480 303 538 in
331 480 476 540 Leidensi
502 482 631 537 cubiculo
658 477 804 556 scriptum
834 486 891 536 est.
931 479 1014 555 Ergo
1038 477 1078 537 ad
1101 477 1310 537 coniecturam

192 608 241 647 res
264 583 368 658 rediit,
392 604 482 663 quam
504 584 623 642 fortiter
646 604 810 664 aggressus
833 582 985 644 Oehlerus
1007 586 1051 644 ita
1071 586 1165 644 visus'
1179 593 1226 644 est
1247 583 1310 643 sibi

190 690 287 752 verba
308 689 453 749 Varronis
475 691 665 751 restituisse:
699 692 736 749 Iu
764 693 889 750 bucolica
912 695 1038 751 dormire
1060 695 1173 750 mallem
1197 694 1311 749 scilicet

188 804 298 872 patius,
320 814 412 855 meum
429 802 523 855 uiuum
539 799 679 855 cibarium
695 817 781 872 quum
800 815 851 873 eqo
868 802 999 857 domiuus
1015 806 1171 872 qustarem.
1206 795 1310 875 Quam

191 899 313 985 quidem
338 902 580 963 emendationem
601 901 659 960 hac
679 901 874 962 adnotatione
897 905 1068 964 confirmat:
1100 904 1238 965 ‘Retinui
1254 905 1308 962 bu-

188 1017 289 1084 colica,
311 1010 392 1092 quod
409 996 670 1088 interpretandum
684 1030 752 1070 esse
768 1020 841 1091 puto
857 1010 895 1070 de
913 1012 1031 1089 tugurio
1047 1010 1201 1083 bucolico,
1224 1009 1309 1091 quod

189 1139 265 1178 sane
289 1114 566 1200 perincomrnodum
591 1114 762 1176 cubiculum
786 1126 842 1178 cst.
881 1116 985 1177 Verba
1000 1118 1143 1177 videntur
1162 1136 1232 1177 esse
1251 1115 1306 1174 do·

188 1225 262 1284 mini
288 1225 340 1284 vel
367 1221 548 1305 praebitoris
576 1222 724 1296 convivii,
756 1226 807 1303 qui
829 1221 930 1302 lepide
953 1223 1127 1302 profitetur,
1156 1242 1190 1283 se
1209 1221 1306 1280 multo

188 1333 290 1412 potius
312 1329 403 1388 mallo
422 1328 568 1386 maximas
588 1329 853 1390 incommoditates
866 1329 1021 1409 perferre,
1045 1349 1140 1410 quarn
1157 1327 1307 1389 cibarium

189 1459 292 1512 suum,
317 1435 398 1517 quod
419 1437 451 1494 in
474 1435 552 1494 cella
570 1448 687 1511 servet,
710 1441 813 1498 vinum
832 1444 966 1517 gustare.
1011 1435 1074 1494 Sed
1095 1437 1127 1495 in
1150 1444 1215 1496 tam
1238 1455 1305 1495 cor-

188 1552 277 1624 rupto
298 1543 366 1601 loco
385 1523 437 1600 vel
458 1541 633 1600 coniectura
656 1539 790 1600 difficilis
816 1544 884 1601 est!
927 1541 1108 1616 Haecille,
1140 1543 1172 1601 in
1194 1541 1307 1621 quibus

189 1670 246 1728 ego
268 1650 405 1728 leporem
425 1646 553 1719 nullum,
583 1666 622 1706 ne
645 1668 752 1707 sanum
773 1648 897 1728 quidem
917 1668 1039 1708 sensum
1060 1649 1212 1728 percipio:
1244 1669 1306 1707 nec

187 1757 264 1817 illud
285 1775 377 1832 aegre
395 1755 476 1825 fero,
498 1745 580 1831 quod
596 1753 753 1814 infelicem
772 1757 977 1816 coniecturam
996 1756 1132 1836 peperit,
1154 1752 1211 1815 sed
1231 1774 1305 1813 con-

187 1862 344 1923 fidentiam
362 1858 570 1940 reprehendo,
594 1879 654 1939 qua
673 1880 726 1933 ea,
752 1881 831 1940 quae
854 1882 893 1921 nc
915 1861 973 1921 sibi
994 1861 1116 1942 quidem
1133 1863 1193 1941 ipsi
1214 1864 1305 1922 satis-

188 1968 291 2029 facere
320 1967 488 2046 significat,
521 1967 553 2024 in
581 1965 727 2025 Varronis
760 1966 857 2026 verba
887 1976 1002 2028 temere
1032 1968 1143 2027 intulit.
1198 1970 1305 2030 Missis

186 2074 278 2150 igitur
300 2074 367 2134 istis
389 2093 408 2130 a
426 2072 520 2131 Nonii
543 2072 761 2151 exemplarium
784 2073 934 2152 scriptura
956 2081 986 2133 et
1008 2074 1159 2132 saniorum
1182 2076 1304 2134 critico-

186 2199 252 2238 rum
273 2179 385 2239 iudicio
406 2178 644 2257 proficiscamur.
687 2181 811 2239 Etenim
837 2181 908 2239 olim
929 2181 1032 2239 Iunius
1055 2181 1166 2259 partim
1186 2182 1304 2241 verita·

186 2295 248 2344 tem
269 2294 427 2367 assecutus
454 2295 501 2344 est
522 2287 632 2365 partim
657 2284 832 2344 inveniendi
854 2306 960 2345 verum
981 2287 1063 2344 viam
1086 2287 1222 2365 aperuit,
1238 2290 1306 2366 ·qui

186 2401 311 2471 recepta
339 2413 407 2451 cum
435 2392 580 2451 Leidensi
607 2396 736 2451 cubicula
762 2391 894 2450 lectione
923 2411 977 2471 pro
1004 2395 1134 2450 domiuus
1164 2395 1306 2472 reposuit

186 2501 261 2556 domi
283 2506 313 2557 ct
336 2503 471 2572 epatius
493 2497 644 2558 subtiliter
666 2508 754 2572 patus
784 2498 903 2558 elicuit:
933 2506 965 2555 ut
993 2497 1033 2556 ad
1060 2497 1142 2558 Iunii
1169 2505 1307 2557 mentem

185 2601 263 2660 hacc
285 2604 325 2662 sit
343 2604 436 2663 totius
458 2605 620 2682 fragmenti
640 2604 855 2663 conformatio:
879 2605 915 2661 Iu
934 2607 1063 2662 cubicula
1084 2607 1211 2662 dormire
1231 2608 1305 2662 mul-

184 2712 254 2780 lem,
283 2704 390 2770 scilicet
409 2720 495 2786 patus
517 2714 612 2771 uiuum
635 2729 725 2768 meum
748 2713 903 2780 ciburium,
933 2729 1020 2784 quam
1044 2728 1095 2786 eqo
1117 2713 1194 2774 domi
1214 2714 1305 2769 cubu-
1349 2741 1353 2748 ·

183 2832 255 2873 rem.
299 2815 337 2875 In
360 2816 467 2894 quibus
487 2819 615 2897 primum
634 2816 715 2897 quod
734 2816 795 2874 illis
813 2824 902 2888 patus
924 2820 1018 2874 uinum
1041 2833 1132 2874 meum
1160 2804 1304 2875 cibarium

185 2921 342 2981 commode
367 2923 552 3001 respondeat
574 2923 780 2983 desideratur:
806 2921 838 2980 id
861 2921 941 3000 quod
961 2941 977 2981 e
1000 2925 1130 2980 daminus
1149 2922 1306 3001 scriptura

184 3025 228 3084 ita
255 3028 392 3086 nancisci
418 3031 560 3107 contigit,
597 3038 645 3103 ut,
680 3037 808 3109 accepta
835 3047 854 3088 a
882 3027 969 3085 Iunio
997 3032 1074 3089 domi
1100 3029 1304 3103 correctione,

185 3132 277 3190 etiam
297 3135 422 3213 propius
441 3156 460 3194 a
478 3134 623 3195 librorum
643 3137 787 3196 memoria
806 3138 882 3194 domi
898 3138 1012 3194 ieiunus
1028 3132 1186 3195 scribatur.
1222 3135 1306 3194 Eam

185 3239 264 3296 enim
291 3258 399 3299 vocem
428 3241 519 3300 etiam
545 3241 584 3300 de
613 3252 703 3321 potus
729 3239 913 3299 abstinentia
940 3239 1016 3313 dici,
1044 3248 1078 3300 ut
1099 3241 1217 3299 mittam
1239 3242 1306 3302 alia

185 3345 339 3424 exempla,
363 3345 393 3404 hi
411 3347 567 3407 Iuvenalis
589 3368 696 3408 versus
720 3344 883 3405 ostendunt
904 3345 966 3404 XV
985 3352 1018 3407 47
1040 3365 1107 3424 sqq.

336 3455 415 3522 Adue
438 3458 515 3528 quad
536 3461 563 3511 et
582 3454 680 3527 facilis
702 3455 821 3511 uictoria
843 3454 877 3508 de
901 3453 1024 3508 madidis
1045 3460 1072 3508 et

333 3561 448 3618 Blaesis
470 3569 555 3634 utque
578 3578 656 3618 mera
676 3562 869 3617 titubantibus.
908 3560 974 3616 iude
997 3561 1123 3616 uirorum

333 3667 463 3725 Saltutus
483 3671 565 3740 niqra
587 3670 718 3735 tibicine,
739 3667 959 3738 qualiacumque

339 3774 489 3848 linquente
507 3783 535 3832 et
551 3777 639 3847 flores
660 3776 820 3845 multaeque
843 3774 873 3828 iu
892 3770 992 3844 fronte
1010 3786 1160 3843 caraune,-

320 3880 411 3938 'Hiuc
430 3885 556 3940 ieiunum
579 3884 683 3940 aelium.

182 3979 245 4038 Sed
267 4001 306 4038 nc
334 3982 432 4043 altera
459 3984 582 4064 quidem
603 3984 804 4045 membrorum
826 3982 994 4061 oppositio,
1026 4001 1104 4060 quae
1128 3984 1229 4043 estin
1250 3985 1302 4045 his

179 4090 210 4144 in
231 4091 360 4146 cubicula
383 4097 414 4147 et
434 4094 523 4161 domi,
556 4092 686 4167 legentis
716 4089 848 4149 animum
875 4087 990 4166 explet.
1035 4087 1171 4167 Quorum
1204 4110 1301 4149 mem-

180 4191 302 4253 brorum
320 4195 403 4273 prius
428 4195 566 4256 videmur
588 4196 755 4256 coniunctis
779 4194 968 4253 diversorum
996 4194 1135 4254 codicum
1159 4199 1300 4257 testimo-

180 4300 237 4357 niis
269 4299 326 4357 hoc
355 4300 444 4360 modo
472 4309 663 4361 restaurare:
700 4306 729 4359 iu
757 4304 883 4360 bucolica
907 4306 1045 4360 cubicula.
1096 4301 1188 4379 Quod
1217 4306 1302 4365 enim
