2760 4890
202 331 242 394 78
633 341 890 391 corrncrsurm.

202 504 331 567 Graecis
360 503 538 581 permissum
567 501 625 561 fuit
654 500 757 560 dubito
785 502 857 580 quin
878 501 1009 561 Varroni
1032 500 1154 560 licuerit
1175 502 1207 560 in
1230 521 1320 578 grae-

203 631 270 670 cum
291 609 378 668 latini
400 626 506 667 versus
526 608 642 667 exitum
666 607 837 667 admittere.

286 717 349 779 Sed
375 717 464 775 buius
487 723 608 774 saturae
632 734 700 774 cum
722 724 864 794 quattuor
886 715 1059 792 fragmenta
1079 714 1233 785 ferantur,
1258 713 1320 792 pri-

202 845 282 886 mum
309 825 380 884 olim
409 829 603 902 perspectum
632 831 679 881 est
700 823 859 881 metricum
883 842 962 895 esse,
986 819 1152 880 secundum
1173 829 1204 878 et
1227 839 1317 899 quar-

200 948 263 995 tum
293 952 349 1009 ego
371 949 452 990 nunc
474 929 536 987 suis
557 930 688 988 numeris
711 930 848 1001 restitui,
873 946 932 987 nec
960 927 1064 987 dubito
1088 927 1221 1006 denique
1244 929 1318 1007 quin

200 1043 282 1102 tertii
311 1056 431 1119 quoque
460 1043 557 1095 metra
580 1034 737 1114 proditura
764 1037 839 1109 sint,
875 1034 964 1094 modo
995 1037 1122 1114 primum
1148 1033 1315 1112 interpola·

200 1156 302 1207 menta
337 1143 735 1225 quaedam.removeantur.
786 1141 837 1201 Sic
863 1143 941 1201 enim
969 1143 1087 1201 Nonius
1117 1161 1148 1220 p.
1178 1150 1245 1213 181,
1270 1149 1319 1202 12:

200 1253 341 1313 ‘Tetrica’
368 1259 411 1308 est
437 1267 547 1308 severa.
600 1251 693 1307 Varro
720 1258 751 1306 ta
774 1259 878 1323 patros
906 1268 937 1306 το
963 1254 1090 1334 ρεᾱιον,1
1118 1242 1187 1326 περὶ
1215 1243 1318 1304 παιδο-

200 1361 315 1429 nortae:
349 1359 405 1414 ‘aa
438 1360 550 1414 etiamsi
576 1359 702 1414 audisset
741 1358 863 1412 reddere
895 1360 1037 1429 potuisset
1064 1358 1167 1413 mulier
1196 1357 1317 1418 tetricae

200 1468 363 1524 horreatis?
392 1465 479 1520 ducat
500 1466 539 1519 ad
557 1465 680 1536 Appiam
701 1463 826 1518 moribus
846 1463 947 1519 bonis?
994 1464 1071 1537 Virp.
1093 1464 1164 1517 Aea.
1185 1463 1232 1518 lib.
1256 1477 1319 1519 vn:

200 1571 263 1647 ‘qai
291 1574 389 1628 tetrice
417 1569 563 1625 horreatis
591 1571 670 1641 rapit
695 1574 873 1638 montemque
901 1570 1055 1625 severam!
1110 1567 1146 1625 In
1168 1567 1317 1626 Varronis

200 1676 303 1737 verbis
325 1674 383 1733 duo
406 1671 476 1729 olim
495 1672 600 1730 Iunius
622 1671 716 1751 probe
730 1671 876 1730 instituit:
899 1677 1014 1732 mulieri
1032 1674 1163 1732 correxit
1182 1681 1213 1731 et
1227 1673 1318 1732 eiecit

201 1786 357 1850 horrentis,
387 1779 468 1858 quod
498 1799 515 1838 e
542 1780 671 1855 Vergilii
692 1799 784 1838 versu
805 1798 965 1858 perperam
987 1780 1019 1838 in
1041 1779 1140 1838 locum
1170 1780 1318 1846 Varronis

200 1892 353 1949 invectum
382 1893 438 1945 est.
494 1883 684 1944 contradicit
713 1884 880 1956 oehlerus,
914 1883 969 1942 sed
1004 1885 1047 1944 ita
1079 1895 1111 1944 ut
1150 1907 1189 1946 ne
1220 1885 1318 1946 audiri

201 1995 323 2077 quidem
345 1991 466 2052 debeat.
510 1990 597 2049 Idem
620 1984 688 2050 cuni
706 1991 783 2050 haec
808 1995 895 2049 daeat
917 1993 956 2048 ad
977 1993 1100 2067 Appiam
1122 1997 1250 2052 moribus
1272 1995 1317 2050 bo·

199 2109 245 2164 ais
260 2121 368 2161 manca
383 2117 451 2158 esse
465 2105 596 2176 putaret,
614 2099 778 2176 eproximo
797 2100 872 2170 Viry.
885 2101 955 2154 Aea.
974 2097 1077 2157 elicuit
1092 2103 1239 2174 uirginem,
1256 2118 1318 2156 non

199 2213 265 2270 sine
280 2208 383 2288 specie
398 2204 548 2278 veritatis
562 2203 617 2262 sed
631 2211 733 2263 tamen
745 2202 1000 2282 improbabiliter:
1021 2224 1077 2282 ego
1092 2223 1131 2263 ne
1147 2203 1318 2263 desiderari

201 2315 322 2396 quidem
349 2312 512 2392 quiequam
534 2308 686 2368 concedo:
715 2308 823 2388 quodsi
845 2311 948 2369 tamen
970 2310 1195 2370 substantivum
1216 2310 1317 2390 requi·

200 2430 293 2492 ratur,
316 2438 369 2477 cur
390 2415 422 2475 id
444 2414 545 2492 potius
567 2412 758 2473 librariorum
778 2416 867 2494 culpa
882 2435 972 2496 quam
988 2417 1080 2475 Nonii
1096 2415 1211 2476 delicto
1227 2418 1317 2475 omis-

200 2520 451 2604 computemus?
489 2521 599 2601 Itaque
620 2524 664 2582 sic
685 2523 738 2582 illa
760 2523 822 2599 legi
845 2540 881 2580 ac
904 2521 1050 2597 distingui
1072 2532 1231 2601 poterunt:

706 2648 743 2685 aa
764 2632 849 2687 etiam
871 2632 897 2685 si
914 2631 1068 2686 audivisset
1087 2630 1211 2687 re'ddere

350 2737 492 2794 Pdtaisset
513 2737 629 2794 mulieri
649 2740 786 2794 tetricae?
817 2737 913 2793 Dricat
936 2740 982 2793 aio
1004 2739 1043 2792 ad
1062 2727 1194 2808 'Appiam

350 2844 480 2900 Mdribus
502 2842 590 2900 bonas.

197 2949 319 3007 Inserui
342 2953 403 3006 aio:
431 2955 532 3026 potest
563 2947 694 3006 fortasse
723 2946 784 3006 alia
805 2967 867 3006 vox
889 2946 929 3006 ad
951 2936 1151 3006 stabiliendos
1174 2966 1317 3006 numeros

199 3055 313 3139 inferri.

281 3162 413 3237 Pergam
446 3163 616 3240 promiscue
648 3159 799 3240 quaedam
835 3158 969 3217 nondum
998 3161 1212 3220 suscitatorum
1247 3181 1316 3219 ver-

200 3286 285 3324 suum
308 3267 448 3346 exempla
470 3287 623 3348 apponere
647 3285 685 3324 ex
709 3268 752 3324 eis
775 3267 955 3344 praesertim
979 3267 1090 3326 saturis
1112 3266 1219 3345 petita,
1240 3285 1316 3345 quas

202 3392 263 3430 non
291 3371 383 3451 plene
411 3392 448 3432 ac
470 3374 574 3433 dedita
597 3392 689 3452 opera
711 3371 916 3452 pertractabo.
961 3379 1111 3430 Aarrsosrs
1133 3374 1207 3435 fr.3
1234 3371 1316 3451 apud

197 3478 329 3536 Nonium
362 3499 393 3556 p.
422 3488 489 3554 loe,
525 3490 558 3542 14
594 3481 638 3538 ite
668 3479 794 3558 legitur:
836 3483 876 3537 Et
909 3485 1000 3554 paeri
1034 3484 1064 3538 ia
1101 3482 1221 3537 aedibus
1252 3497 1315 3536 sae-

193 3589 263 3657 pius
289 3586 412 3656 pedibas
439 3589 597 3660 offensam,
632 3590 699 3644 dam
724 3593 854 3645 recentes
878 3595 1002 3644 masteos
1028 3590 1059 3644 ia
1089 3589 1228 3644 carnario
1249 3589 1315 3659 flai-

197 3697 260 3746 tare
285 3694 453 3763 suspiciant.
499 3692 536 3750 In
565 3713 623 3772 quo
652 3691 733 3770 quod
756 3689 905 3751 Oehlerus
928 3711 996 3749 cum
1017 3689 1247 3768 Laurenbergio
1267 3711 1313 3749 re·

197 3796 294 3855 stituit
324 3800 485 3870 fluitantes,
523 3796 626 3855 dubito
661 3797 699 3856 de
722 3797 906 3856 necessitate
937 3795 1143 3855 correctionis.
1187 3798 1316 3855 Masteos

198 3899 280 3980 quod
312 3901 474 3961 Tumebus
501 3904 533 3960 in
557 3901 740 3962 adversariis
768 3901 914 3962 XXVIII
940 3911 974 3963 12
1002 3901 1041 3961 de
1063 3901 1194 3963 caseolis
1214 3902 1313 3960 molli·

197 4007 253 4066 bus
288 4018 319 4068 et
351 4010 464 4068 teneris
493 4008 658 4086 intellegit,
690 4010 789 4088 potuit
816 4016 887 4086 apte
917 4007 1040 4088 quidem
1072 4008 1110 4069 de
1135 4028 1228 4068 caseo
1252 4007 1312 4066 dici

196 4126 352 4175 murteam.-
380 4124 412 4174 ut
436 4115 552 4176 Plinius
574 4115 624 4175 XI
641 4125 689 4180 97:
721 4120 786 4174 lares
807 4132 891 4173 caseo
911 4117 1017 4172 Romae
1040 4161 1046 4172 .
1071 4161 1077 4172 .
1100 4161 1106 4172 .
1136 4118 1188 4172 sed
1208 4117 1312 4183 brevis,

197 4242 232 4281 ac
253 4234 361 4282 maestes
384 4233 493 4282 tantam
511 4226 725 4281 commendatio.
768 4221 858 4279 Nunc
879 4221 1049 4278 carnarium
1070 4221 1171 4300 potius
1195 4220 1233 4280 de
1258 4241 1311 4300 pe-

195 4328 353 4388 tasonibus
369 4329 496 4405 cogitari
511 4328 628 4388 suadet.
656 4328 707 4387 Sic
725 4327 874 4387 Martialis
891 4328 974 4388 XIII
995 4339 1028 4390 55
1045 4328 1291 4405 inpetasonem:
