2760 4890
532 309 789 358 compensum.
1163 291 1221 357 193

108 472 220 531 studet.
252 472 355 550 Atque
373 468 455 549 quod
469 470 644 528 Priscianus
661 470 706 530 VI
721 490 750 547 p.
765 475 816 530 684
830 467 865 526 Ρ.
893 469 1049 525 Varronem
1069 470 1103 523 cle
1119 470 1222 525 nornis-

109 585 194 639 naris
216 578 337 650 citavit,
368 573 486 654 pridem
512 574 702 633 intellectum
731 583 776 632 est
803 571 931 630 eandem
954 572 1118 650 significari
1140 581 1221 631 satu-

109 707 184 760 ram,
209 686 294 744 cuius
318 681 470 761 duplicem
491 702 527 740 ac
551 691 715 755 congruam
736 680 810 736 mori
833 672 1060 756 inscriptionem
1083 699 1099 735 e
1122 678 1222 736 Nonio

109 794 265 853 novimus:
289 799 443 849 (leroorssrs
460 795 530 844 Han
549 795 736 844 Nonrcnarws.
773 783 840 842 Nec
858 792 960 843 tamen
976 785 1066 844 video
1083 806 1136 843 cur
1155 805 1223 844 cum

109 897 281 959 Merclrlino
309 917 327 955 a
355 895 513 956 Prisciano
545 899 753 970 argumentum
779 899 901 949 saturae
936 890 1064 950 indicari
1098 913 1134 951 ac
1163 913 1223 951 non

109 1006 211 1085 potius
232 1005 326 1064 latine
350 1020 528 1082 expressam
550 998 777 1076 inscriptionem
799 998 907 1055 referri
924 998 1139 1059 existimemus.
1174 1002 1224 1060 De

110 1131 170 1191 quo
203 1130 317 1188 genere
354 1106 594 1180 commutationis
633 1106 665 1162 in
691 1102 885 1182 palliatarum
913 1103 1007 1163 titulis
1037 1105 1225 1180 Ritschelius

111 1216 279 1297 disputavit
304 1217 336 1273 in
368 1215 506 1295 parergis
533 1210 685 1272 Plautinis
710 1210 965 1290 Terentianisque
988 1212 1004 1269 I
1024 1234 1054 1290 p.
1078 1222 1142 1288 1‘58,
1173 1214 1225 1273 ubi

112 1322 195 1403 quod
226 1322 305 1381 inter
337 1321 527 1382 Varroniano
563 1317 657 1376 multa
693 1328 776 1377 certa
802 1317 866 1375 eius
897 1317 1055 1394 analogiae
1085 1320 1227 1398 exempla

112 1429 251 1490 extitisse
272 1427 440 1498 adnotavit,
463 1445 518 1502 ogo
544 1445 559 1482 e
585 1425 694 1482 saturis
719 1433 834 1483 certum
856 1443 947 1492 unum
973 1419 1134 1502 praeterea
1156 1426 1228 1482 novi

111 1537 164 1595 vel
191 1536 266 1615 dno,
297 1553 375 1614 quae
401 1533 503 1590 statim
532 1532 689 1609 attingam.
741 1532 864 1591 Etenim
890 1530 936 1588 his
968 1529 1062 1590 Gellii
1086 1530 1188 1589 verbis
1211 1531 1227 1589 l

113 1647 197 1712 17‚4
227 1641 320 1698 Varro
342 1644 371 1697 in
394 1648 496 1697 saturn
519 1640 683 1714 Menippea,
708 1632 793 1712 quenz
817 1642 851 1696 de
874 1638 971 1711 officio
993 1641 1092 1695 mariti
1112 1643 1230 1711 scripsit

112 1745 302 1804 Mcrcldinus
341 1742 491 1802 subtiliter
525 1743 653 1803 eandem
691 1744 855 1820 significari
892 1752 1032 1811 saturam,
1061 1744 1228 1822 perspexit,

114 1872 207 1930 quarn
236 1852 353 1911 Nonius
386 1859 431 1908 ter
460 1851 564 1909 citavit
591 1872 651 1909 non
679 1871 801 1930 prorsus
825 1853 960 1929 compari
982 1849 1105 1930 quidem
1129 1850 1228 1925 modo,

114 1955 171 2015 sed
197 1964 299 2015 tamen
322 1959 365 2015 ita
388 1964 422 2013 ut
445 1954 483 2013 de
507 1955 624 2015 duobus
647 1957 740 2014 titulis
761 1959 880 2034 graecis
911 1957 1057 2015 dubitatio
1081 1955 1175 2015 absit:
1198 1977 1228 2035 p.

113 2073 182 2137 478,
211 2074 229 2126 3
258 2045 357 2138 Εὗρεν
385 2049 404 2136 ἡ
431 2050 528 2143 λοττόιςἢ
544 2049 576 2119 τό
596 2061 685 2138 πῶμα
716 2060 784 2139 περὶ
809 2061 1024 2140 γεγαμηκότων,
1058 2085 1087 2142 p.
1107 2073 1174 2137 526,
1199 2076 1230 2127 15

114 2167 183 2250 περὶ
217 2160 434 2246 τετανηκότων,
464 2168 572 2226 omisso
597 2169 775 2247 proverbio,
799 2168 929 2250 denique
948 2192 977 2251 p.
999 2180 1065 2243 399,
1089 2181 1123 2234 30
1159 2172 1192 2230 Ε.
1211 2160 1230 2246 ἡ

116 2278 140 2333 λ.
164 2297 187 2335 τ.
212 2296 240 2334 rr.
259 2272 328 2354 περὶ
346 2268 554 2351 καθηκόντων.
598 2277 646 2334 Ex
670 2297 707 2335 ea
732 2276 843 2356 triplici
873 2277 1017 2336 memoria
1044 2278 1231 2338 Mcrcldinus

113 2401 264 2462 perquam
284 2381 483 2462 probabiliter
506 2383 540 2437 E.
564 2369 583 2456 ἡ
603 2383 627 2437 λ.
651 2403 676 2438 τ.
701 2402 731 2440 ττ.
755 2381 821 2463 περὶ
847 2377 1046 2459 καθηκόντων
1066 2384 1124 2440 τῶν
1147 2404 1232 2460 γεγα-

115 2481 256 2566 μηκότων
281 2497 436 2567 tamquam
463 2487 648 2567 primitivum
669 2491 732 2548 eius
756 2499 876 2549 saturae
903 2490 1022 2548 titulum
1041 2490 1155 2550 elicuit:
1184 2491 1233 2550 cui

116 2587 157 2654 ex
178 2603 264 2674 parte
287 2595 384 2654 altera
405 2604 547 2656 accurate
568 2595 755 2674 'respondent
778 2597 922 2657 Gelliana
945 2603 979 2655 de
1002 2600 1098 2673 officio
1120 2603 1233 2656 meriti:

117 2722 302 2783 quamquam
319 2699 452 2762 Gellium
473 2699 661 2759 Mcrcldinus
685 2702 824 2780 opinatur
845 2725 906 2762 non
926 2713 987 2762 tam
1005 2705 1234 2784 inscriptionem

116 2810 233 2868 referre
273 2828 361 2888 quam
396 2816 605 2883 argumentum
633 2808 767 2868 indicare
803 2806 1098 2872 saturae'voluisse.
1138 2789 1235 2872 ,Aridi

115 2922 240 2994 poterat
265 2934 388 2993 prorsus
415 2912 538 2989 dignum
567 2915 704 2975 Varrone
726 2916 825 2976 videri
851 2918 936 2976 illum
964 2917 1172 2999 depromptum
1196 2918 1233 2978 de

117 3019 225 3080 schola
257 3023 420 3080 stoicorum
448 3021 595 3093 indicem,
627 3023 679 3102 qui
704 3024 778 3082 satis
807 3034 910 3083 notum
936 3035 982 3084 est
1015 3045 1095 3105 quae
1113 3026 1234 3105 potissi-

116 3147 199 3186 mum
233 3115 268 3184 rol
301 3116 478 3201 καθήκοντα
511 3127 744 3206 appellaverint
800 3132 867 3212 Nec
895 3133 991 3190 miuus
1019 3133 1235 3192 convenienter

120 3232 255 3295 Gellium
283 3242 411 3312 apparet
438 3234 585 3300 Varronis
613 3232 680 3314 περὶ
710 3227 907 3311 καθηκόντων
935 3236 995 3294 τῶν
1023 3231 1235 3315 γεγαμηκότων

118 3345 154 3398 de
182 3341 408 3414 officiomnrrii
440 3341 626 3399 convertisse
667 3363 758 3421 quarn
793 3343 900 3403 Cicero
936 3331 972 3399 rei
1004 3340 1071 3421 περὶ
1101 3344 1153 3401 τοῦ
1182 3365 1234 3400 κα-

118 3439 271 3521 θήκοντος
300 3447 443 3507 Panaetii
465 3445 519 3525 (ef.
545 3444 583 3504 ad
606 3445 670 3504 An.
696 3447 775 3508 XVI
797 3461 837 3522 11,
861 3449 890 3528 4)
915 3454 949 3508 de
972 3451 1078 3524 officiis
1099 3448 1235 3527 appella·

117 3553 178 3613 vit:
207 3555 290 3624 Quod
310 3559 344 3612 de
365 3559 551 3627 inscriptione
573 3558 705 3627 quoeris,
736 3559 908 3616 condebito
938 3561 1006 3631 quin
1031 3555 1169 3629 καθῆκον
1193 3556 1236 3631 os-

115 3664 216 3736 ficium
245 3665 296 3731 sit,
331 3665 387 3718 nisi
408 3664 478 3734 qnid
503 3670 532 3717 tu
563 3664 658 3717 elind:
690 3665 914 3736 sed.inscrrptio
930 3666 1044 3736 plenior
1064 3665 1098 3719 de
1123 3663 1237 3735 officiis.

121 3766 170 3825 Of.
194 3765 215 3826 l.
240 3788 266 3827 c.
286 3768 366 3828 XVd
390 3777 437 3840 lt,
461 3778 486 3828 3.
533 3766 601 3844 Quo
624 3766 720 3843 magis
741 3768 830 3826 miror
852 3766 1055 3826 Mercklinum
1078 3787 1236 3844 argumen-

120 3881 186 3931 tum
214 3875 315 3954 potius
338 3882 458 3932 saturae
482 3895 500 3931 a
523 3871 624 3932 Gellio
648 3873 813 3959 significari
851 3896 940 3956 quam
971 3874 1009 3933 ab
1037 3874 1145 3933 eodem
1168 3892 1237 3931 con-

120 4000 245 4040 versam
275 4001 342 4040 esse
366 4001 508 4059 graecam
527 3979 755 4055 inscriptionem
777 3979 930 4041 maluisse.
976 3980 1056 4039 Nam
1084 3979 1173 4050 licet,
1196 3978 1239 4037 ita

123 4104 193 4145 cum
215 4087 334 4164 legatur
365 4091 458 4147 Varro
486 4093 515 4144 in
536 4096 638 4143 sature
662 4086 830 4158 Menippen,
859 4106 944 4160 qnam
967 4090 1001 4144 dc
1025 4087 1121 4160 officio
1144 4088 1242 4141 meriti

122 4197 255 4266 scripsit,
289 4216 350 4253 non
382 4193 557 4254 necessario
592 4211 781 4273 consequens
809 4193 862 4264 sit,
900 4190 1032 4251 Gellium
1056 4190 1164 4248 afferre
1194 4189 1238 4246 in·

126 4300 323 4379 scriptionem
342 4299 486 4372 voluisse,
510 4299 582 4356 milri
607 4297 676 4356 dum
699 4297 817 4377 reliqua
838 4297 945 4356 harum
961 4307 1133 4356 saturarum
1156 4293 1239 4352 testi·

176 4401 309 4464 Vnuasu,
329 4399 410 4454 Corn,
427 4416 457 4450 1u
470 4401 559 4450 Vana.
576 4414 634 4448 sar.
946 4428 947 4433 =
1005 4397 1040 4457 13
