<?xml version="1.0" encoding="UTF-8"?>
<!DOCTYPE html PUBLIC "-//W3C//DTD XHTML 1.0 Transitional//EN"
    "http://www.w3.org/TR/xhtml1/DTD/xhtml1-transitional.dtd">
<html xmlns="http://www.w3.org/1999/xhtml" xml:lang="en" lang="en">
 <head>
  <title>
</title>
<meta http-equiv="Content-Type" content="text/html;charset=utf-8" />
  <meta name='ocr-system' content='tesseract 3.04.00' />
  <meta name='ocr-capabilities' content='ocr_page ocr_carea ocr_par ocr_line ocrx_word'/>
</head>
<body>
  <div class='ocr_page' id='page_1' title='image "./ioannisvahlenii00vahlgoog_0036.png"; bbox 0 0 2760 4890; ppageno 0'>
   <div class='ocr_carea' id='block_1_1' title="bbox 558 341 815 390">
    <p class='ocr_par' dir='ltr' id='par_1_1' title="bbox 558 341 815 390">
     <span class='ocr_line' id='line_1_1' title="bbox 558 341 815 390; baseline 0 0"><span class='ocrx_word' id='word_1_1' title='bbox 558 341 815 390; x_wconf 70' lang='lat' dir='ltr'><strong>commorasse.</strong></span> 
     </span>
    </p>
   </div>
   <div class='ocr_carea' id='block_1_2' title="bbox 130 499 954 581">
    <p class='ocr_par' dir='ltr' id='par_1_2' title="bbox 130 499 954 581">
     <span class='ocr_line' id='line_1_2' title="bbox 130 499 954 581; baseline -0.001 -20"><span class='ocrx_word' id='word_1_2' title='bbox 130 502 249 581; x_wconf 77' lang='lat' dir='ltr'><strong>Quibus</strong></span> <span class='ocrx_word' id='word_1_3' title='bbox 273 502 412 560; x_wconf 88' lang='lat' dir='ltr'><strong>conferas</strong></span> <span class='ocrx_word' id='word_1_4' title='bbox 433 500 488 559; x_wconf 89' lang='lat' dir='ltr'><strong>hos</strong></span> <span class='ocrx_word' id='word_1_5' title='bbox 509 499 621 559; x_wconf 81' lang='lat' dir='ltr'><strong>Catulli</strong></span> <span class='ocrx_word' id='word_1_6' title='bbox 643 520 751 560; x_wconf 87' lang='lat' dir='ltr'><strong>versus</strong></span> <span class='ocrx_word' id='word_1_7' title='bbox 772 501 882 560; x_wconf 91' lang='lat' dir='ltr'>LXIII</span> <span class='ocrx_word' id='word_1_8' title='bbox 904 511 954 564; x_wconf 78' lang='lat'><strong>20:</strong></span> 
     </span>
    </p>
   </div>
   <div class='ocr_carea' id='block_1_3' title="bbox 283 622 1085 1030">
    <p class='ocr_par' dir='ltr' id='par_1_3' title="bbox 283 622 1085 1030">
     <span class='ocr_line' id='line_1_3' title="bbox 285 622 1085 694; baseline 0.003 -15"><span class='ocrx_word' id='word_1_9' title='bbox 285 623 337 679; x_wconf 82' lang='lat' dir='ltr'><strong>Ilhi</strong></span> <span class='ocrx_word' id='word_1_10' title='bbox 356 623 516 694; x_wconf 75' lang='lat' dir='ltr'><strong>cymhalum</strong></span> <span class='ocrx_word' id='word_1_11' title='bbox 537 627 621 678; x_wconf 86' lang='lat' dir='ltr'><strong>sonat</strong></span> <span class='ocrx_word' id='word_1_12' title='bbox 641 637 711 688; x_wconf 77' lang='lat' dir='ltr'><strong>oea,</strong></span> <span class='ocrx_word' id='word_1_13' title='bbox 736 622 785 677; x_wconf 82' lang='lat' dir='ltr'><strong>uhi</strong></span> <span class='ocrx_word' id='word_1_14' title='bbox 801 628 938 694; x_wconf 77' lang='lat' dir='ltr'><strong>tympana</strong></span> <span class='ocrx_word' id='word_1_15' title='bbox 958 625 1085 693; x_wconf 82' lang='lat' dir='ltr'><em>reboant,</em></span> 
     </span>
     <span class='ocr_line' id='line_1_4' title="bbox 283 728 1048 800; baseline 0.001 -17"><span class='ocrx_word' id='word_1_16' title='bbox 283 729 397 783; x_wconf 80' lang='lat' dir='ltr'><strong><em>Tibicen</em></strong></span> <span class='ocrx_word' id='word_1_17' title='bbox 419 728 467 783; x_wconf 82' lang='lat' dir='ltr'><strong>ahi</strong></span> <span class='ocrx_word' id='word_1_18' title='bbox 485 729 564 783; x_wconf 75' lang='lat' dir='ltr'><strong>cahat</strong></span> <span class='ocrx_word' id='word_1_19' title='bbox 580 728 688 800; x_wconf 77' lang='lat' dir='ltr'><strong>Phryx</strong></span> <span class='ocrx_word' id='word_1_20' title='bbox 709 744 797 784; x_wconf 84' lang='lat' dir='ltr'><strong>earoo</strong></span> <span class='ocrx_word' id='word_1_21' title='bbox 817 743 907 800; x_wconf 70' lang='lat' dir='ltr'><strong>arose</strong></span> <span class='ocrx_word' id='word_1_22' title='bbox 928 730 1048 797; x_wconf 85' lang='lat' dir='ltr'><strong>calamo,</strong></span> 
     </span>
     <span class='ocr_line' id='line_1_5' title="bbox 286 832 1026 906; baseline 0 -16"><span class='ocrx_word' id='word_1_23' title='bbox 286 835 338 890; x_wconf 85' lang='lat' dir='ltr'><strong>Uhi</strong></span> <span class='ocrx_word' id='word_1_24' title='bbox 358 836 456 905; x_wconf 79' lang='lat' dir='ltr'><strong>capilo</strong></span> <span class='ocrx_word' id='word_1_25' title='bbox 477 837 631 891; x_wconf 76' lang='lat' dir='ltr'><em>maenades</em></span> <span class='ocrx_word' id='word_1_26' title='bbox 653 837 681 891; x_wconf 83' lang='lat' dir='ltr'><strong>oi</strong></span> <span class='ocrx_word' id='word_1_27' title='bbox 701 833 812 890; x_wconf 77' lang='lat' dir='ltr'><strong>iaciant</strong></span> <span class='ocrx_word' id='word_1_28' title='bbox 831 832 1026 906; x_wconf 71' lang='lat' dir='ltr'><strong>hederiyeraa</strong></span> 
     </span>
     <span class='ocr_line' id='line_1_6' title="bbox 287 940 997 1030; baseline -0.001 -33"><span class='ocrx_word' id='word_1_29' title='bbox 287 943 338 998; x_wconf 83' lang='lat' dir='ltr'><strong>Ubi</strong></span> <span class='ocrx_word' id='word_1_30' title='bbox 357 957 444 997; x_wconf 82' lang='lat' dir='ltr'><strong>sacro</strong></span> <span class='ocrx_word' id='word_1_31' title='bbox 466 946 568 996; x_wconf 78' lang='lat' dir='ltr'><strong>coacta</strong></span> <span class='ocrx_word' id='word_1_32' title='bbox 590 941 683 996; x_wconf 83' lang='lat' dir='ltr'><strong>acatis</strong></span> <span class='ocrx_word' id='word_1_33' title='bbox 704 940 859 1030; x_wconf 67' lang='lat' dir='ltr'><strong>ululatibus</strong></span> <span class='ocrx_word' id='word_1_34' title='bbox 880 941 997 1013; x_wconf 68' lang='lat' dir='ltr'><strong>opitant.</strong></span> 
     </span>
    </p>
   </div>
   <div class='ocr_carea' id='block_1_4' title="bbox 128 1072 1246 1782">
    <p class='ocr_par' dir='ltr' id='par_1_4' title="bbox 128 1072 1246 1782">
     <span class='ocr_line' id='line_1_7' title="bbox 128 1072 1243 1154; baseline -0.001 -18"><span class='ocrx_word' id='word_1_35' title='bbox 128 1078 166 1136; x_wconf 92' lang='lat' dir='ltr'><strong>In</strong></span> <span class='ocrx_word' id='word_1_36' title='bbox 181 1075 327 1136; x_wconf 87' lang='lat' dir='ltr'><strong>Varronis</strong></span> <span class='ocrx_word' id='word_1_37' title='bbox 349 1074 487 1133; x_wconf 89' lang='lat' dir='ltr'><strong>versibus</strong></span> <span class='ocrx_word' id='word_1_38' title='bbox 512 1072 681 1154; x_wconf 86' lang='lat' dir='ltr'><strong>quodcum</strong></span> <span class='ocrx_word' id='word_1_39' title='bbox 702 1074 920 1132; x_wconf 82' lang='lat' dir='ltr'><strong>sententiarum</strong></span> <span class='ocrx_word' id='word_1_40' title='bbox 940 1074 1050 1135; x_wconf 88' lang='lat' dir='ltr'><strong>finibus</strong></span> <span class='ocrx_word' id='word_1_41' title='bbox 1070 1097 1131 1134; x_wconf 90' lang='lat' dir='ltr'><strong>non</strong></span> <span class='ocrx_word' id='word_1_42' title='bbox 1153 1097 1243 1136; x_wconf 89' lang='lat' dir='ltr'><strong>accu-</strong></span> 
     </span>
     <span class='ocr_line' id='line_1_8' title="bbox 130 1157 1244 1257; baseline 0 -15"><span class='ocrx_word' id='word_1_43' title='bbox 130 1190 196 1243; x_wconf 82' lang='lat' dir='ltr'><strong>rate</strong></span> <span class='ocrx_word' id='word_1_44' title='bbox 224 1180 407 1239; x_wconf 88' lang='lat' dir='ltr'><strong>conveniunt</strong></span> <span class='ocrx_word' id='word_1_45' title='bbox 434 1179 554 1238; x_wconf 79' lang='lat' dir='ltr'><strong>termini</strong></span> <span class='ocrx_word' id='word_1_46' title='bbox 576 1157 733 1252; x_wconf 87' lang='lat' dir='ltr'><strong>versuum,</strong></span> <span class='ocrx_word' id='word_1_47' title='bbox 766 1178 824 1238; x_wconf 85' lang='lat' dir='ltr'><strong>arti</strong></span> <span class='ocrx_word' id='word_1_48' title='bbox 845 1178 991 1238; x_wconf 86' lang='lat' dir='ltr'><strong>Varronis</strong></span> <span class='ocrx_word' id='word_1_49' title='bbox 1015 1181 1244 1257; x_wconf 85' lang='lat' dir='ltr'>condonabitur,</span> 
     </span>
     <span class='ocr_line' id='line_1_9' title="bbox 133 1284 1244 1368; baseline 0.001 -21"><span class='ocrx_word' id='word_1_50' title='bbox 133 1309 222 1368; x_wconf 91' lang='lat' dir='ltr'><strong>quem</strong></span> <span class='ocrx_word' id='word_1_51' title='bbox 242 1285 418 1363; x_wconf 83' lang='lat' dir='ltr'><strong>ceteroquin</strong></span> <span class='ocrx_word' id='word_1_52' title='bbox 437 1304 545 1344; x_wconf 88' lang='lat' dir='ltr'><strong>severe</strong></span> <span class='ocrx_word' id='word_1_53' title='bbox 563 1285 622 1344; x_wconf 89' lang='lat' dir='ltr'><strong>hoc</strong></span> <span class='ocrx_word' id='word_1_54' title='bbox 641 1305 736 1362; x_wconf 87' lang='lat' dir='ltr'><strong>genus</strong></span> <span class='ocrx_word' id='word_1_55' title='bbox 752 1305 895 1345; x_wconf 88' lang='lat' dir='ltr'><strong>versuum</strong></span> <span class='ocrx_word' id='word_1_56' title='bbox 913 1284 1086 1346; x_wconf 82' lang='lat' dir='ltr'>condidisse</span> <span class='ocrx_word' id='word_1_57' title='bbox 1104 1288 1244 1348; x_wconf 89' lang='lat' dir='ltr'><strong>vidimus.</strong></span> 
     </span>
     <span class='ocr_line' id='line_1_10' title="bbox 129 1375 1243 1472; baseline 0.002 -20"><span class='ocrx_word' id='word_1_58' title='bbox 129 1395 239 1472; x_wconf 87' lang='lat' dir='ltr'><strong>Itaque</strong></span> <span class='ocrx_word' id='word_1_59' title='bbox 253 1375 421 1451; x_wconf 86' lang='lat' dir='ltr'><strong>¹redeamus</strong></span> <span class='ocrx_word' id='word_1_60' title='bbox 442 1394 522 1448; x_wconf 86' lang='lat' dir='ltr'><strong>nunc</strong></span> <span class='ocrx_word' id='word_1_61' title='bbox 542 1391 633 1463; x_wconf 87' lang='lat' dir='ltr'><strong>illuc,</strong></span> <span class='ocrx_word' id='word_1_62' title='bbox 663 1391 744 1450; x_wconf 89' lang='lat' dir='ltr'><strong>unde</strong></span> <span class='ocrx_word' id='word_1_63' title='bbox 766 1390 960 1464; x_wconf 83' lang='lat' dir='ltr'><strong>defleximus,</strong></span> <span class='ocrx_word' id='word_1_64' title='bbox 984 1399 1017 1449; x_wconf 89' lang='lat' dir='ltr'><strong>ut</strong></span> <span class='ocrx_word' id='word_1_65' title='bbox 1039 1392 1152 1452; x_wconf 91' lang='lat' dir='ltr'><strong>Kochii</strong></span> <span class='ocrx_word' id='word_1_66' title='bbox 1178 1394 1243 1472; x_wconf 83' lang='lat' dir='ltr'><strong>gal·</strong></span> 
     </span>
     <span class='ocr_line' id='line_1_11' title="bbox 129 1494 1242 1578; baseline 0.002 -22"><span class='ocrx_word' id='word_1_67' title='bbox 129 1496 258 1557; x_wconf 90' lang='lat' dir='ltr'><strong>liambos</strong></span> <span class='ocrx_word' id='word_1_68' title='bbox 283 1494 499 1574; x_wconf 80' lang='lat' dir='ltr'><em>expendamus.</em></span> <span class='ocrx_word' id='word_1_69' title='bbox 538 1496 607 1555; x_wconf 92' lang='lat' dir='ltr'><strong>Hoc</strong></span> <span class='ocrx_word' id='word_1_70' title='bbox 626 1517 705 1556; x_wconf 89' lang='lat' dir='ltr'><strong>nunc</strong></span> <span class='ocrx_word' id='word_1_71' title='bbox 728 1505 870 1576; x_wconf 84' lang='lat' dir='ltr'><strong>apparet,</strong></span> <span class='ocrx_word' id='word_1_72' title='bbox 900 1516 958 1576; x_wconf 93' lang='lat' dir='ltr'><strong>quo</strong></span> <span class='ocrx_word' id='word_1_73' title='bbox 981 1497 1045 1555; x_wconf 87' lang='lat' dir='ltr'><strong>iure</strong></span> <span class='ocrx_word' id='word_1_74' title='bbox 1068 1498 1242 1578; x_wconf 80' lang='lat' dir='ltr'><strong>scripserit:</strong></span> 
     </span>
     <span class='ocr_line' id='line_1_12' title="bbox 129 1600 1246 1683; baseline 0.002 -21"><span class='ocrx_word' id='word_1_75' title='bbox 129 1602 223 1683; x_wconf 79' lang='lat' dir='ltr'><strong>‘quod</strong></span> <span class='ocrx_word' id='word_1_76' title='bbox 246 1601 412 1661; x_wconf 86' lang='lat' dir='ltr'><strong>anaolasim</strong></span> <span class='ocrx_word' id='word_1_77' title='bbox 431 1600 496 1658; x_wconf 86' lang='lat' dir='ltr'><strong>fere</strong></span> <span class='ocrx_word' id='word_1_78' title='bbox 520 1601 643 1679; x_wconf 85' lang='lat' dir='ltr'><strong>syllaba</strong></span> <span class='ocrx_word' id='word_1_79' title='bbox 664 1603 757 1681; x_wconf 86' lang='lat' dir='ltr'><strong>longa</strong></span> <span class='ocrx_word' id='word_1_80' title='bbox 777 1600 952 1682; x_wconf 86' lang='lat' dir='ltr'><strong>praecedit,</strong></span> <span class='ocrx_word' id='word_1_81' title='bbox 986 1601 1095 1662; x_wconf 87' lang='lat' dir='ltr'><strong>eedem</strong></span> <span class='ocrx_word' id='word_1_82' title='bbox 1119 1604 1246 1665; x_wconf 87' lang='lat' dir='ltr'><strong>licentia</strong></span> 
     </span>
     <span class='ocr_line' id='line_1_13' title="bbox 128 1708 724 1782; baseline -0.002 -14"><span class='ocrx_word' id='word_1_83' title='bbox 128 1708 280 1769; x_wconf 86' lang='lat' dir='ltr'><strong>invenitur</strong></span> <span class='ocrx_word' id='word_1_84' title='bbox 302 1708 497 1767; x_wconf 86' lang='lat' dir='ltr'><strong>inVarronis</strong></span> <span class='ocrx_word' id='word_1_85' title='bbox 519 1716 577 1771; x_wconf 85' lang='lat' dir='ltr'><strong>sat.</strong></span> <span class='ocrx_word' id='word_1_86' title='bbox 600 1719 650 1782; x_wconf 84' lang='lat'><strong>31,</strong></span> <span class='ocrx_word' id='word_1_87' title='bbox 673 1717 724 1771; x_wconf 84' lang='lat'><strong>36:</strong></span> 
     </span>
    </p>
   </div>
   <div class='ocr_carea' id='block_1_5' title="bbox 284 1845 1049 1924">
    <p class='ocr_par' dir='ltr' id='par_1_5' title="bbox 284 1845 1049 1924">
     <span class='ocr_line' id='line_1_14' title="bbox 284 1845 1049 1924; baseline -0.001 -22"><span class='ocrx_word' id='word_1_88' title='bbox 284 1846 346 1902; x_wconf 82' lang='lat' dir='ltr'><strong>Tibi</strong></span> <span class='ocrx_word' id='word_1_89' title='bbox 367 1851 476 1924; x_wconf 80' lang='lat' dir='ltr'><strong>typana</strong></span> <span class='ocrx_word' id='word_1_90' title='bbox 494 1863 551 1901; x_wconf 84' lang='lat' dir='ltr'><strong>noa</strong></span> <span class='ocrx_word' id='word_1_91' title='bbox 571 1849 667 1902; x_wconf 70' lang='lat' dir='ltr'><strong>toanis</strong></span> <span class='ocrx_word' id='word_1_92' title='bbox 688 1849 798 1902; x_wconf 74' lang='lat' dir='ltr'><strong>sone&#39;tus</strong></span> <span class='ocrx_word' id='word_1_93' title='bbox 820 1848 922 1902; x_wconf 76' lang='lat' dir='ltr'><strong>matris</strong></span> <span class='ocrx_word' id='word_1_94' title='bbox 943 1845 1049 1903; x_wconf 65' lang='lat' dir='ltr'><strong>deum?</strong></span> 
     </span>
    </p>
   </div>
   <div class='ocr_carea' id='block_1_6' title="bbox 128 1978 1246 3332">
    <p class='ocr_par' dir='ltr' id='par_1_6' title="bbox 128 1978 1246 3100">
     <span class='ocr_line' id='line_1_15' title="bbox 128 1978 1244 2059; baseline 0 -18"><span class='ocrx_word' id='word_1_95' title='bbox 128 1983 300 2041; x_wconf 87' lang='lat' dir='ltr'><strong>Recurrunt</strong></span> <span class='ocrx_word' id='word_1_96' title='bbox 315 1988 416 2044; x_wconf 87' lang='lat' dir='ltr'><strong>autem</strong></span> <span class='ocrx_word' id='word_1_97' title='bbox 432 1978 520 2037; x_wconf 90' lang='lat' dir='ltr'><strong>huius</strong></span> <span class='ocrx_word' id='word_1_98' title='bbox 541 1979 685 2038; x_wconf 83' lang='lat' dir='ltr'><strong>licentiae</strong></span> <span class='ocrx_word' id='word_1_99' title='bbox 704 1979 735 2037; x_wconf 93' lang='lat' dir='ltr'><strong>in</strong></span> <span class='ocrx_word' id='word_1_100' title='bbox 749 1981 845 2059; x_wconf 90' lang='lat' dir='ltr'><strong>primo</strong></span> <span class='ocrx_word' id='word_1_101' title='bbox 860 2000 952 2040; x_wconf 89' lang='lat' dir='ltr'><strong>versu</strong></span> <span class='ocrx_word' id='word_1_102' title='bbox 968 1979 1041 2053; x_wconf 89' lang='lat' dir='ltr'><strong>duo,</strong></span> <span class='ocrx_word' id='word_1_103' title='bbox 1064 1979 1244 2041; x_wconf 90' lang='lat' dir='ltr'><strong>insecundo</strong></span> 
     </span>
     <span class='ocr_line' id='line_1_16' title="bbox 130 2084 1244 2165; baseline 0.001 -20"><span class='ocrx_word' id='word_1_104' title='bbox 130 2096 161 2146; x_wconf 90' lang='lat' dir='ltr'><strong>et</strong></span> <span class='ocrx_word' id='word_1_105' title='bbox 182 2086 271 2144; x_wconf 89' lang='lat' dir='ltr'><strong>tertio</strong></span> <span class='ocrx_word' id='word_1_106' title='bbox 295 2085 416 2162; x_wconf 86' lang='lat' dir='ltr'><strong>singula</strong></span> <span class='ocrx_word' id='word_1_107' title='bbox 439 2087 596 2165; x_wconf 85' lang='lat' dir='ltr'><strong>exempla:</strong></span> <span class='ocrx_word' id='word_1_108' title='bbox 631 2096 793 2165; x_wconf 88' lang='lat' dir='ltr'><strong>praeterea</strong></span> <span class='ocrx_word' id='word_1_109' title='bbox 815 2084 907 2144; x_wconf 90' lang='lat' dir='ltr'><strong>iidem</strong></span> <span class='ocrx_word' id='word_1_110' title='bbox 934 2096 997 2144; x_wconf 83' lang='lat' dir='ltr'><strong>tres</strong></span> <span class='ocrx_word' id='word_1_111' title='bbox 1019 2106 1127 2145; x_wconf 87' lang='lat' dir='ltr'><strong>versus</strong></span> <span class='ocrx_word' id='word_1_112' title='bbox 1148 2087 1244 2146; x_wconf 90' lang='lat' dir='ltr'><strong>tribus</strong></span> 
     </span>
     <span class='ocr_line' id='line_1_17' title="bbox 130 2191 1245 2273; baseline -0.002 -21"><span class='ocrx_word' id='word_1_113' title='bbox 130 2194 355 2270; x_wconf 85' lang='lat' dir='ltr'><strong>distinguuntur</strong></span> <span class='ocrx_word' id='word_1_114' title='bbox 374 2193 528 2267; x_wconf 82' lang='lat' dir='ltr'><strong>molossis,</strong></span> <span class='ocrx_word' id='word_1_115' title='bbox 558 2193 698 2273; x_wconf 90' lang='lat' dir='ltr'><strong>quicum</strong></span> <span class='ocrx_word' id='word_1_116' title='bbox 718 2212 778 2250; x_wconf 90' lang='lat' dir='ltr'><strong>non</strong></span> <span class='ocrx_word' id='word_1_117' title='bbox 802 2193 902 2251; x_wconf 90' lang='lat' dir='ltr'><strong>illiciti</strong></span> <span class='ocrx_word' id='word_1_118' title='bbox 931 2192 1043 2251; x_wconf 84' lang='lat' dir='ltr'><strong>inerint</strong></span> <span class='ocrx_word' id='word_1_119' title='bbox 1063 2191 1191 2252; x_wconf 84' lang='lat' dir='ltr'><strong>Graecis</strong></span> <span class='ocrx_word' id='word_1_120' title='bbox 1212 2192 1245 2250; x_wconf 91' lang='lat' dir='ltr'><strong>in</strong></span> 
     </span>
     <span class='ocr_line' id='line_1_18' title="bbox 130 2297 1244 2380; baseline -0.004 -20"><span class='ocrx_word' id='word_1_121' title='bbox 130 2302 285 2380; x_wconf 87' lang='lat' dir='ltr'><strong>utriusque</strong></span> <span class='ocrx_word' id='word_1_122' title='bbox 311 2297 497 2359; x_wconf 83' lang='lat' dir='ltr'><strong>hemistichii</strong></span> <span class='ocrx_word' id='word_1_123' title='bbox 522 2298 622 2373; x_wconf 86' lang='lat' dir='ltr'><strong>initio,</strong></span> <span class='ocrx_word' id='word_1_124' title='bbox 659 2308 761 2357; x_wconf 88' lang='lat' dir='ltr'><strong>tamen</strong></span> <span class='ocrx_word' id='word_1_125' title='bbox 789 2299 894 2357; x_wconf 87' lang='lat' dir='ltr'><strong>nescio</strong></span> <span class='ocrx_word' id='word_1_126' title='bbox 922 2320 961 2358; x_wconf 90' lang='lat' dir='ltr'><strong>an</strong></span> <span class='ocrx_word' id='word_1_127' title='bbox 987 2317 1060 2357; x_wconf 89' lang='lat' dir='ltr'><strong>casu</strong></span> <span class='ocrx_word' id='word_1_128' title='bbox 1088 2297 1244 2371; x_wconf 86' lang='lat' dir='ltr'><strong>acciderit,</strong></span> 
     </span>
     <span class='ocr_line' id='line_1_19' title="bbox 130 2401 1244 2487; baseline -0.004 -21"><span class='ocrx_word' id='word_1_129' title='bbox 130 2405 212 2487; x_wconf 91' lang='lat' dir='ltr'><strong>quod</strong></span> <span class='ocrx_word' id='word_1_130' title='bbox 234 2427 301 2465; x_wconf 91' lang='lat' dir='ltr'><strong>cum</strong></span> <span class='ocrx_word' id='word_1_131' title='bbox 323 2405 354 2464; x_wconf 90' lang='lat' dir='ltr'><strong>in</strong></span> <span class='ocrx_word' id='word_1_132' title='bbox 376 2426 431 2464; x_wconf 84' lang='lat' dir='ltr'><strong>sex</strong></span> <span class='ocrx_word' id='word_1_133' title='bbox 443 2405 583 2465; x_wconf 86' lang='lat' dir='ltr'><strong>versibus</strong></span> <span class='ocrx_word' id='word_1_134' title='bbox 597 2404 743 2466; x_wconf 86' lang='lat' dir='ltr'><strong>Varronis</strong></span> <span class='ocrx_word' id='word_1_135' title='bbox 755 2403 857 2462; x_wconf 91' lang='lat' dir='ltr'><strong>nullus</strong></span> <span class='ocrx_word' id='word_1_136' title='bbox 869 2404 1042 2463; x_wconf 89' lang='lat' dir='ltr'><strong>inveniatur</strong></span> <span class='ocrx_word' id='word_1_137' title='bbox 1057 2401 1164 2480; x_wconf 88' lang='lat' dir='ltr'><strong>(semel</strong></span> <span class='ocrx_word' id='word_1_138' title='bbox 1178 2411 1244 2462; x_wconf 90' lang='lat' dir='ltr'><strong>tan-</strong></span> 
     </span>
     <span class='ocr_line' id='line_1_20' title="bbox 131 2508 1244 2591; baseline -0.003 -21"><span class='ocrx_word' id='word_1_139' title='bbox 131 2523 195 2571; x_wconf 90' lang='lat' dir='ltr'><strong>tum</strong></span> <span class='ocrx_word' id='word_1_140' title='bbox 213 2511 483 2591; x_wconf 83' lang='lat' dir='ltr'><strong>palimbacchius),</strong></span> <span class='ocrx_word' id='word_1_141' title='bbox 507 2514 573 2572; x_wconf 85' lang='lat' dir='ltr'><strong>fere</strong></span> <span class='ocrx_word' id='word_1_142' title='bbox 591 2508 702 2586; x_wconf 87' lang='lat' dir='ltr'><strong>singuli</strong></span> <span class='ocrx_word' id='word_1_143' title='bbox 722 2529 829 2588; x_wconf 81' lang='lat' dir='ltr'><strong>versus</strong></span> <span class='ocrx_word' id='word_1_144' title='bbox 845 2508 999 2568; x_wconf 91' lang='lat' dir='ltr'><strong>Kochiani</strong></span> <span class='ocrx_word' id='word_1_145' title='bbox 1018 2510 1154 2585; x_wconf 86' lang='lat' dir='ltr'><strong>singulos</strong></span> <span class='ocrx_word' id='word_1_146' title='bbox 1172 2508 1244 2568; x_wconf 88' lang='lat' dir='ltr'><strong>effe-</strong></span> 
     </span>
     <span class='ocr_line' id='line_1_21' title="bbox 130 2603 1245 2692; baseline -0.003 -15"><span class='ocrx_word' id='word_1_147' title='bbox 130 2627 210 2677; x_wconf 86' lang='lat' dir='ltr'><strong>runt.</strong></span> <span class='ocrx_word' id='word_1_148' title='bbox 245 2620 295 2677; x_wconf 87' lang='lat' dir='ltr'><strong>Ita</strong></span> <span class='ocrx_word' id='word_1_149' title='bbox 317 2638 384 2675; x_wconf 88' lang='lat' dir='ltr'><strong>cum</strong></span> <span class='ocrx_word' id='word_1_150' title='bbox 402 2619 502 2677; x_wconf 89' lang='lat' dir='ltr'><strong>nullus</strong></span> <span class='ocrx_word' id='word_1_151' title='bbox 519 2638 622 2677; x_wconf 91' lang='lat' dir='ltr'><strong>eorum</strong></span> <span class='ocrx_word' id='word_1_152' title='bbox 638 2615 675 2675; x_wconf 90' lang='lat' dir='ltr'><strong>ab</strong></span> <span class='ocrx_word' id='word_1_153' title='bbox 692 2615 847 2692; x_wconf 85' lang='lat' dir='ltr'><strong>elegantia</strong></span> <span class='ocrx_word' id='word_1_154' title='bbox 862 2603 1245 2677; x_wconf 75' lang='lat' dir='ltr'><strong>commendabilis&#39;exierie</strong></span> 
     </span>
     <span class='ocr_line' id='line_1_22' title="bbox 130 2721 1246 2801; baseline -0.001 -18"><span class='ocrx_word' id='word_1_155' title='bbox 130 2725 254 2795; x_wconf 88' lang='lat' dir='ltr'><strong>tertius,</strong></span> <span class='ocrx_word' id='word_1_156' title='bbox 277 2724 309 2782; x_wconf 93' lang='lat' dir='ltr'><strong>in</strong></span> <span class='ocrx_word' id='word_1_157' title='bbox 330 2743 388 2801; x_wconf 89' lang='lat' dir='ltr'><strong>quo</strong></span> <span class='ocrx_word' id='word_1_158' title='bbox 410 2724 465 2782; x_wconf 91' lang='lat' dir='ltr'><strong>ille</strong></span> <span class='ocrx_word' id='word_1_159' title='bbox 485 2725 615 2782; x_wconf 85' lang='lat' dir='ltr'><strong>maxime</strong></span> <span class='ocrx_word' id='word_1_160' title='bbox 633 2721 803 2795; x_wconf 85' lang='lat' dir='ltr'><strong>laboravit,</strong></span> <span class='ocrx_word' id='word_1_161' title='bbox 825 2722 903 2781; x_wconf 91' lang='lat' dir='ltr'><strong>adeo</strong></span> <span class='ocrx_word' id='word_1_162' title='bbox 924 2723 1069 2784; x_wconf 89' lang='lat' dir='ltr'><strong>deformis</strong></span> <span class='ocrx_word' id='word_1_163' title='bbox 1092 2724 1246 2783; x_wconf 84' lang='lat' dir='ltr'><strong>officinam</strong></span> 
     </span>
     <span class='ocr_line' id='line_1_23' title="bbox 130 2818 1246 2909; baseline -0.001 -20"><span class='ocrx_word' id='word_1_164' title='bbox 130 2829 269 2908; x_wconf 86' lang='lat' dir='ltr'><strong>reliquit:</strong></span> <span class='ocrx_word' id='word_1_165' title='bbox 288 2818 413 2906; x_wconf 86' lang='lat' dir='ltr'><strong>quando</strong></span> <span class='ocrx_word' id='word_1_166' title='bbox 435 2850 493 2889; x_wconf 91' lang='lat' dir='ltr'><strong>nec</strong></span> <span class='ocrx_word' id='word_1_167' title='bbox 516 2829 716 2909; x_wconf 86' lang='lat' dir='ltr'><strong>dispondeum</strong></span> <span class='ocrx_word' id='word_1_168' title='bbox 736 2828 870 2888; x_wconf 87' lang='lat' dir='ltr'><strong>secundo</strong></span> <span class='ocrx_word' id='word_1_169' title='bbox 884 2829 953 2887; x_wconf 92' lang='lat' dir='ltr'><strong>loco</strong></span> <span class='ocrx_word' id='word_1_170' title='bbox 968 2849 1026 2887; x_wconf 89' lang='lat' dir='ltr'><strong>nec</strong></span> <span class='ocrx_word' id='word_1_171' title='bbox 1043 2829 1246 2890; x_wconf 89' lang='lat' dir='ltr'><strong>choriambum</strong></span> 
     </span>
     <span class='ocr_line' id='line_1_24' title="bbox 130 2934 1245 3013; baseline 0 -19"><span class='ocrx_word' id='word_1_172' title='bbox 130 2934 221 2994; x_wconf 87' lang='lat' dir='ltr'><strong>tertio</strong></span> <span class='ocrx_word' id='word_1_173' title='bbox 255 2953 313 3012; x_wconf 93' lang='lat' dir='ltr'><strong>quo</strong></span> <span class='ocrx_word' id='word_1_174' title='bbox 349 2944 438 2994; x_wconf 87' lang='lat' dir='ltr'><strong>tuear</strong></span> <span class='ocrx_word' id='word_1_175' title='bbox 470 2936 603 2996; x_wconf 89' lang='lat' dir='ltr'><strong>invenio.</strong></span> <span class='ocrx_word' id='word_1_176' title='bbox 652 2939 736 3013; x_wconf 84' lang='lat' dir='ltr'><strong>Ergo</strong></span> <span class='ocrx_word' id='word_1_177' title='bbox 764 2934 868 2994; x_wconf 82' lang='lat' dir='ltr'><strong>incudi</strong></span> <span class='ocrx_word' id='word_1_178' title='bbox 897 2934 977 2992; x_wconf 90' lang='lat' dir='ltr'><strong>male</strong></span> <span class='ocrx_word' id='word_1_179' title='bbox 1005 2937 1117 2995; x_wconf 86' lang='lat' dir='ltr'><strong>tornati</strong></span> <span class='ocrx_word' id='word_1_180' title='bbox 1139 2955 1245 2995; x_wconf 86' lang='lat' dir='ltr'><strong>versus</strong></span> 
     </span>
     <span class='ocr_line' id='line_1_25' title="bbox 129 3040 306 3100; baseline -0.023 0"><span class='ocrx_word' id='word_1_181' title='bbox 129 3040 306 3100; x_wconf 88' lang='lat' dir='ltr'><strong>reddantur.</strong></span> 
     </span>
    </p>

    <p class='ocr_par' dir='ltr' id='par_1_7' title="bbox 133 3136 1245 3332">
     <span class='ocr_line' id='line_1_26' title="bbox 215 3136 1245 3228; baseline -0.003 -21"><span class='ocrx_word' id='word_1_182' title='bbox 215 3147 329 3207; x_wconf 88' lang='lat' dir='ltr'><strong>Verum</strong></span> <span class='ocrx_word' id='word_1_183' title='bbox 357 3136 457 3205; x_wconf 85' lang='lat' dir='ltr'><strong>eidem</strong></span> <span class='ocrx_word' id='word_1_184' title='bbox 485 3147 607 3207; x_wconf 92' lang='lat' dir='ltr'><strong>Kochio</strong></span> <span class='ocrx_word' id='word_1_185' title='bbox 636 3147 695 3207; x_wconf 90' lang='lat' dir='ltr'><strong>duo</strong></span> <span class='ocrx_word' id='word_1_186' title='bbox 729 3156 891 3228; x_wconf 90' lang='lat' dir='ltr'><strong>praeterea</strong></span> <span class='ocrx_word' id='word_1_187' title='bbox 924 3144 1111 3223; x_wconf 85' lang='lat' dir='ltr'><strong>galliambici</strong></span> <span class='ocrx_word' id='word_1_188' title='bbox 1137 3165 1245 3205; x_wconf 90' lang='lat' dir='ltr'><strong>versus</strong></span> 
     </span>
     <span class='ocr_line' id='line_1_27' title="bbox 133 3253 826 3332; baseline 0.003 -20"><span class='ocrx_word' id='word_1_189' title='bbox 133 3253 297 3325; x_wconf 87' lang='lat' dir='ltr'><strong>debentur,</strong></span> <span class='ocrx_word' id='word_1_190' title='bbox 322 3273 447 3332; x_wconf 90' lang='lat' dir='ltr'><strong>quorum</strong></span> <span class='ocrx_word' id='word_1_191' title='bbox 468 3253 546 3312; x_wconf 89' lang='lat' dir='ltr'><strong>alter</strong></span> <span class='ocrx_word' id='word_1_192' title='bbox 574 3263 724 3311; x_wconf 76' lang='lat' dir='ltr'><strong>Ersronsei</strong></span> <span class='ocrx_word' id='word_1_193' title='bbox 749 3255 785 3312; x_wconf 82' lang='lat' dir='ltr'><strong>ir.</strong></span> <span class='ocrx_word' id='word_1_194' title='bbox 809 3263 826 3314; x_wconf 82' lang='lat'><strong>4</strong></span> 
     </span>
    </p>
   </div>
   <div class='ocr_carea' id='block_1_7' title="bbox 282 3392 972 3462">
    <p class='ocr_par' dir='ltr' id='par_1_8' title="bbox 282 3392 972 3462">
     <span class='ocr_line' id='line_1_28' title="bbox 282 3392 972 3462; baseline -0.003 -16"><span class='ocrx_word' id='word_1_195' title='bbox 282 3392 422 3447; x_wconf 80' lang='lat' dir='ltr'><strong>Poterat</strong></span> <span class='ocrx_word' id='word_1_196' title='bbox 442 3408 546 3448; x_wconf 84' lang='lat' dir='ltr'><strong>eruore</strong></span> <span class='ocrx_word' id='word_1_197' title='bbox 565 3395 674 3450; x_wconf 85' lang='lat' dir='ltr'><strong>laoeret</strong></span> <span class='ocrx_word' id='word_1_198' title='bbox 696 3408 817 3447; x_wconf 82' lang='lat' dir='ltr'><strong>orarum</strong></span> <span class='ocrx_word' id='word_1_199' title='bbox 840 3405 972 3462; x_wconf 72' lang='lat' dir='ltr'><strong>apperens</strong></span> 
     </span>
    </p>
   </div>
   <div class='ocr_carea' id='block_1_8' title="bbox 130 3519 1245 3919">
    <p class='ocr_par' dir='ltr' id='par_1_9' title="bbox 130 3519 1245 3919">
     <span class='ocr_line' id='line_1_29' title="bbox 130 3519 1243 3603; baseline -0.005 -20"><span class='ocrx_word' id='word_1_200' title='bbox 130 3525 270 3583; x_wconf 90' lang='lat' dir='ltr'><strong>nimirum</strong></span> <span class='ocrx_word' id='word_1_201' title='bbox 296 3523 451 3603; x_wconf 87' lang='lat' dir='ltr'><strong>bisyllaba</strong></span> <span class='ocrx_word' id='word_1_202' title='bbox 474 3525 621 3597; x_wconf 85' lang='lat' dir='ltr'><strong>catalexi,</strong></span> <span class='ocrx_word' id='word_1_203' title='bbox 653 3545 692 3583; x_wconf 89' lang='lat' dir='ltr'><strong>ne</strong></span> <span class='ocrx_word' id='word_1_204' title='bbox 714 3523 814 3582; x_wconf 87' lang='lat' dir='ltr'><strong>hiatus</strong></span> <span class='ocrx_word' id='word_1_205' title='bbox 839 3520 990 3591; x_wconf 87' lang='lat' dir='ltr'><strong>offendat,</strong></span> <span class='ocrx_word' id='word_1_206' title='bbox 1018 3519 1129 3598; x_wconf 91' lang='lat' dir='ltr'><strong>probus</strong></span> <span class='ocrx_word' id='word_1_207' title='bbox 1155 3538 1243 3578; x_wconf 89' lang='lat' dir='ltr'><strong>sena·</strong></span> 
     </span>
     <span class='ocr_line' id='line_1_30' title="bbox 130 3627 1245 3710; baseline -0.007 -20"><span class='ocrx_word' id='word_1_208' title='bbox 130 3633 192 3691; x_wconf 91' lang='lat' dir='ltr'><strong>rius</strong></span> <span class='ocrx_word' id='word_1_209' title='bbox 216 3641 277 3690; x_wconf 87' lang='lat' dir='ltr'><strong>est:</strong></span> <span class='ocrx_word' id='word_1_210' title='bbox 301 3651 406 3710; x_wconf 85' lang='lat' dir='ltr'><strong>quem,</strong></span> <span class='ocrx_word' id='word_1_211' title='bbox 431 3632 456 3689; x_wconf 92' lang='lat' dir='ltr'><strong>si</strong></span> <span class='ocrx_word' id='word_1_212' title='bbox 477 3631 571 3704; x_wconf 87' lang='lat' dir='ltr'><strong>velis,</strong></span> <span class='ocrx_word' id='word_1_213' title='bbox 595 3630 695 3709; x_wconf 88' lang='lat' dir='ltr'><strong>possis</strong></span> <span class='ocrx_word' id='word_1_214' title='bbox 717 3648 809 3701; x_wconf 87' lang='lat' dir='ltr'><strong>sane,</strong></span> <span class='ocrx_word' id='word_1_215' title='bbox 838 3627 924 3685; x_wconf 89' lang='lat' dir='ltr'><strong>velut</strong></span> <span class='ocrx_word' id='word_1_216' title='bbox 945 3627 1081 3683; x_wconf 83' lang='lat' dir='ltr'><strong>altarium</strong></span> <span class='ocrx_word' id='word_1_217' title='bbox 1102 3643 1156 3702; x_wconf 91' lang='lat' dir='ltr'><strong>pro</strong></span> <span class='ocrx_word' id='word_1_218' title='bbox 1177 3644 1245 3682; x_wconf 87' lang='lat' dir='ltr'><strong>ara-</strong></span> 
     </span>
     <span class='ocr_line' id='line_1_31' title="bbox 131 3727 1244 3816; baseline -0.005 -22"><span class='ocrx_word' id='word_1_219' title='bbox 131 3756 197 3795; x_wconf 84' lang='lat' dir='ltr'><strong>rum</strong></span> <span class='ocrx_word' id='word_1_220' title='bbox 218 3737 334 3816; x_wconf 81' lang='lat' dir='ltr'><strong>posito,</strong></span> <span class='ocrx_word' id='word_1_221' title='bbox 365 3737 404 3814; x_wconf 23' lang='lat' dir='ltr'><strong>in.</strong></span> <span class='ocrx_word' id='word_1_222' title='bbox 423 3735 534 3794; x_wconf 92' lang='lat' dir='ltr'><strong>bonum</strong></span> <span class='ocrx_word' id='word_1_223' title='bbox 560 3734 759 3812; x_wconf 87' lang='lat' dir='ltr'><strong>galliambum</strong></span> <span class='ocrx_word' id='word_1_224' title='bbox 781 3754 836 3793; x_wconf 90' lang='lat' dir='ltr'><strong>sua</strong></span> <span class='ocrx_word' id='word_1_225' title='bbox 859 3731 997 3809; x_wconf 85' lang='lat' dir='ltr'><strong>legitima</strong></span> <span class='ocrx_word' id='word_1_226' title='bbox 1020 3727 1152 3789; x_wconf 85' lang='lat' dir='ltr'><strong>catelexi</strong></span> <span class='ocrx_word' id='word_1_227' title='bbox 1174 3749 1244 3788; x_wconf 94' lang='lat' dir='ltr'><strong>con-</strong></span> 
     </span>
     <span class='ocr_line' id='line_1_32' title="bbox 130 3837 1245 3919; baseline -0.007 -16"><span class='ocrx_word' id='word_1_228' title='bbox 130 3853 268 3918; x_wconf 89' lang='lat' dir='ltr'><strong>vertere,</strong></span> <span class='ocrx_word' id='word_1_229' title='bbox 299 3853 332 3902; x_wconf 88' lang='lat' dir='ltr'><strong>ut</strong></span> <span class='ocrx_word' id='word_1_230' title='bbox 358 3840 411 3900; x_wconf 90' lang='lat' dir='ltr'><strong>ille</strong></span> <span class='ocrx_word' id='word_1_231' title='bbox 430 3841 619 3900; x_wconf 86' lang='lat' dir='ltr'><strong>Maecenatis</strong></span> <span class='ocrx_word' id='word_1_232' title='bbox 646 3841 816 3900; x_wconf 85' lang='lat' dir='ltr'><strong>versiculus</strong></span> <span class='ocrx_word' id='word_1_233' title='bbox 846 3838 926 3919; x_wconf 90' lang='lat' dir='ltr'><strong>apud</strong></span> <span class='ocrx_word' id='word_1_234' title='bbox 947 3837 1074 3898; x_wconf 88' lang='lat' dir='ltr'><strong>Atilium</strong></span> <span class='ocrx_word' id='word_1_235' title='bbox 1096 3838 1245 3900; x_wconf 83' lang='lat' dir='ltr'><strong>Fortuna·</strong></span> 
     </span>
    </p>
   </div>
   <div class='ocr_carea' id='block_1_9' title="bbox 129 3951 385 4029">
    <p class='ocr_par' dir='ltr' id='par_1_10' title="bbox 129 3951 385 4029">
     <span class='ocr_line' id='line_1_33' title="bbox 129 3951 385 4029; baseline 0.004 -20"><span class='ocrx_word' id='word_1_236' title='bbox 129 3951 246 4009; x_wconf 86' lang='lat' dir='ltr'><strong>tianum</strong></span> <span class='ocrx_word' id='word_1_237' title='bbox 266 3972 296 4029; x_wconf 90' lang='lat' dir='ltr'><strong>p.</strong></span> <span class='ocrx_word' id='word_1_238' title='bbox 316 3956 385 4012; x_wconf 80' lang='lat'><strong>2677</strong></span> 
     </span>
    </p>
   </div>
   <div class='ocr_carea' id='block_1_10' title="bbox 284 4085 1002 4158">
    <p class='ocr_par' dir='ltr' id='par_1_11' title="bbox 284 4085 1002 4158">
     <span class='ocr_line' id='line_1_34' title="bbox 284 4085 1002 4158; baseline -0.007 -15"><span class='ocrx_word' id='word_1_239' title='bbox 284 4088 341 4143; x_wconf 82' lang='lat' dir='ltr'><strong>Hie</strong></span> <span class='ocrx_word' id='word_1_240' title='bbox 364 4086 491 4158; x_wconf 77' lang='lat' dir='ltr'><strong>nympha</strong></span> <span class='ocrx_word' id='word_1_241' title='bbox 513 4086 601 4158; x_wconf 71' lang='lat' dir='ltr'><strong>cinpit</strong></span> <span class='ocrx_word' id='word_1_242' title='bbox 622 4086 713 4141; x_wconf 83' lang='lat' dir='ltr'><strong>amois</strong></span> <span class='ocrx_word' id='word_1_243' title='bbox 733 4085 886 4140; x_wconf 79' lang='lat' dir='ltr'><strong>Acheloum</strong></span> <span class='ocrx_word' id='word_1_244' title='bbox 906 4097 1002 4140; x_wconf 82' lang='lat' dir='ltr'><strong>senem</strong></span> 
     </span>
    </p>
   </div>
   <div class='ocr_carea' id='block_1_11' title="bbox 132 4186 1245 4403">
    <p class='ocr_par' dir='ltr' id='par_1_12' title="bbox 132 4186 1245 4403">
     <span class='ocr_line' id='line_1_35' title="bbox 132 4186 1245 4293; baseline -0.013 -14"><span class='ocrx_word' id='word_1_245' title='bbox 132 4186 231 4279; x_wconf 85' lang='lat' dir='ltr'><strong>ascita</strong></span> <span class='ocrx_word' id='word_1_246' title='bbox 259 4223 391 4278; x_wconf 80' lang='lat' dir='ltr'><strong>Acheloia</strong></span> <span class='ocrx_word' id='word_1_247' title='bbox 419 4218 515 4276; x_wconf 88' lang='lat' dir='ltr'><strong>forma</strong></span> <span class='ocrx_word' id='word_1_248' title='bbox 545 4238 562 4277; x_wconf 92' lang='lat' dir='ltr'><strong>e</strong></span> <span class='ocrx_word' id='word_1_249' title='bbox 595 4216 715 4276; x_wconf 87' lang='lat' dir='ltr'><strong>senario</strong></span> <span class='ocrx_word' id='word_1_250' title='bbox 745 4217 808 4276; x_wconf 86' lang='lat' dir='ltr'><strong>exit</strong></span> <span class='ocrx_word' id='word_1_251' title='bbox 834 4214 1025 4293; x_wconf 85' lang='lat' dir='ltr'><strong>galliambus.</strong></span> <span class='ocrx_word' id='word_1_252' title='bbox 1068 4211 1128 4269; x_wconf 91' lang='lat' dir='ltr'><strong>Ille</strong></span> <span class='ocrx_word' id='word_1_253' title='bbox 1154 4209 1245 4285; x_wconf 87' lang='lat' dir='ltr'><strong>igitur</strong></span> 
     </span>
     <span class='ocr_line' id='line_1_36' title="bbox 133 4316 1243 4403; baseline -0.009 -19"><span class='ocrx_word' id='word_1_254' title='bbox 133 4324 315 4403; x_wconf 87' lang='lat' dir='ltr'><strong>galliambus</strong></span> <span class='ocrx_word' id='word_1_255' title='bbox 345 4344 413 4383; x_wconf 91' lang='lat' dir='ltr'><strong>cnm</strong></span> <span class='ocrx_word' id='word_1_256' title='bbox 439 4323 539 4382; x_wconf 91' lang='lat' dir='ltr'><strong>nullus</strong></span> <span class='ocrx_word' id='word_1_257' title='bbox 564 4324 617 4398; x_wconf 90' lang='lat' dir='ltr'><strong>sit,</strong></span> <span class='ocrx_word' id='word_1_258' title='bbox 647 4324 776 4383; x_wconf 88' lang='lat' dir='ltr'><strong>alterum</strong></span> <span class='ocrx_word' id='word_1_259' title='bbox 802 4341 892 4401; x_wconf 87' lang='lat' dir='ltr'><strong>quem</strong></span> <span class='ocrx_word' id='word_1_260' title='bbox 915 4341 932 4380; x_wconf 92' lang='lat' dir='ltr'><strong>e</strong></span> <span class='ocrx_word' id='word_1_261' title='bbox 953 4327 1140 4377; x_wconf 77' lang='lat' dir='ltr'><strong>Mrsrrnronus</strong></span> <span class='ocrx_word' id='word_1_262' title='bbox 1166 4316 1204 4373; x_wconf 88' lang='lat' dir='ltr'><strong>fr.</strong></span> <span class='ocrx_word' id='word_1_263' title='bbox 1228 4323 1243 4374; x_wconf 96' lang='lat' dir='ltr'><strong>l</strong></span> 
     </span>
    </p>
   </div>
   <div class='ocr_carea' id='block_1_12' title="bbox 0 0 1386 4890">
    <p class='ocr_par' dir='ltr' id='par_1_13' title="bbox 0 0 1386 4890">
     <span class='ocr_line' id='line_1_37' title="bbox 0 0 1386 4890; baseline 0 0"><span class='ocrx_word' id='word_1_264' title='bbox 0 0 1386 4890; x_wconf 95' lang='lat' dir='ltr'><strong> </strong></span> 
     </span>
    </p>
   </div>
  </div>
 </body>
</html>
