2760 4890
88 327 90 331 ’
173 335 213 399 88
368 374 375 381 ·
602 345 859 396 conmortuus.

175 507 305 568 dubitari
339 506 465 580 debeat,
499 507 573 566 licet
598 502 707 587 paullo
735 508 850 566 minore
873 528 964 587 quam
991 508 1101 588 reliqui
1127 516 1293 569 venustate

175 620 285 674 currat.
317 612 408 673 Certe
431 634 499 691 ego,
524 616 550 674 si
573 615 640 694 quis
659 613 886 694 transponendo
909 612 1077 693 spondeum
1092 623 1164 676 autc
1179 614 1294 694 pedem

173 721 310 780 ultimum
338 740 479 780 amovere
490 721 618 809 ‚velletz
647 725 677 778 in
697 722 811 779 oe'stroe
830 723 932 779 curiae
950 721 1078 794 faecem,
1107 724 1190 831 etin
1213 725 1292 784 Mei-

173 828 320 888 nokiano:
343 828 450 887 ccilcem
473 831 512 886 acl
528 830 681 885 candidam
701 827 780 897 sivit,
806 827 866 886 hoc
886 848 946 886 non
968 831 1065 906 magis
1087 830 1294 912 approbarem

174 936 312 1014 quamsi
334 935 383 993 cui
404 933 435 991 in
457 932 569 991 Kochii
588 932 727 992 versibus
749 933 826 992 haec
849 933 1003 993 distinctio
1022 935 1176 1014 placeret:

326 1118 331 1129 .
356 1117 362 1128 .
388 1115 393 1126 .
419 1115 424 1126 .
448 1072 525 1127 deinc
547 1088 631 1128 occas
653 1087 668 1128 c
690 1069 800 1145 liquida
820 1054 881 1128 mla¹
899 1074 928 1128 in
948 1073 1049 1129 adriae

331 1179 449 1237 Vdstrae
469 1179 591 1252 faecem.

326 1330 332 1342 .
357 1331 363 1342 .
386 1305 451 1344 cam
470 1304 561 1362 neque
583 1285 683 1360 ‹iptcm
703 1287 794 1343 moltis
818 1287 924 1343 rimeris
941 1287 1060 1360 fituldm
1081 1303 1170 1360 sapas
1212 1307 1215 1312 ·

324 1392 438 1450 Fc'rrct.
947 1388 949 1392 ⁸

172 1508 235 1568 Sed
256 1528 316 1587 quo
341 1512 451 1569 certius
471 1519 606 1590 apparet,
630 1512 799 1571 Varronem
818 1530 880 1568 non
898 1509 1019 1588 quidvis
1037 1510 1095 1571 sibi
1109 1511 1141 1569 in
1156 1509 1204 1568 his
1221 1530 1292 1568 ver·

173 1615 256 1675 sibus
283 1619 474 1697 permisisse,
504 1637 539 1674 eo
568 1616 775 1675 incredibilius
804 1614 842 1674 ab
872 1615 980 1674 eodem
1002 1617 1122 1675 Kochio
1146 1618 1178 1674 in
1198 1636 1290 1690 exer-

173 1721 364 1783 citationibus
394 1745 424 1802 p.
455 1731 489 1786 29
516 1722 574 1780 hoc
602 1721 789 1780 horridulum
811 1741 918 1780 versus
941 1722 1136 1782 simulacrum
1156 1724 1293 1783 Varroni

171 1831 326 1890 tribuitur:

276 1989 305 2047 p.
329 1977 381 2031 213
417 1954 511 2025 dcciii¹
529 1984 627 2024 sumus
649 1974 680 2024 ut
701 1943 941 2039 depontoremar:
963 1986 1094 2024 murmur
1114 1970 1149 2040 fit
1167 1984 1254 2024 verus

171 2124 250 2183 quae
283 2101 413 2163 dubitari
445 2110 547 2181 potest
573 2122 645 2160 num
672 2101 791 2159 omnino
820 2109 963 2176 metrum,
993 2102 1106 2160 nedum
1134 2103 1292 2181 scazontis

151 2229 342 2269 mensnram
363 2209 539 2288 praebeant.

254 2315 326 2374 Pari
348 2317 512 2374 severitate
535 2315 632 2374 Varro
655 2334 726 2373 usus
748 2321 802 2377 cst
817 2314 850 2371 in
869 2311 1011 2370 ‘iambicis
1034 2314 1178 2372 trimetris
1202 2315 1288 2374 clau-

170 2421 227 2495 dis,
253 2419 412 2499 inquibus
436 2421 572 2499 quintum
593 2419 703 2498 pedem
726 2425 900 2478 constanter
918 2438 1026 2496 purum
1045 2418 1183 2477 ‘iambum
1201 2422 1288 2494 fecit,

169 2527 335 2606 spondeum
358 2548 377 2585 a
398 2520 522 2604 {mribus
546 2524 669 2584 sedibus
692 2526 798 2605 procul
815 2523 929 2596 habuit,
953 2524 1103 2583 solutione
1121 2526 1199 2584 arsis
1218 2525 1288 2584 abs·

93 2673 100 2688 .
169 2634 267 2691 tinnit.
312 2631 415 2690 Semel
439 2632 469 2689 in
494 2629 650 2704 undecim,
683 2633 734 2711 qui
756 2639 877 2703 extant,
900 2630 1040 2690 versibus
1061 2631 1177 2709 primae
1202 2631 1288 2710 dipo-

170 2737 238 2796 diae
267 2737 377 2796 thesim
407 2737 534 2796 alteram
557 2736 714 2816 produxit,
745 2746 775 2795 et
803 2738 877 2798 item
904 2737 998 2798 semel
1025 2736 1155 2817 primum
1175 2737 1291 2816 pedem

170 2844 355 2923 dactylicum
378 2844 459 2903 fecit.

273 3001 303 3058 p.
328 2987 376 3043 137
417 2983 487 3038 Tum
508 2981 629 3055 de'niqtae
648 2985 739 3038 omnis
761 2985 825 3039 crim
844 2983 964 3039 lucerna
985 2982 1159 3039 odmbt'tstost

411 3088 447 3144 Ia
470 3088 648 3145 lucubranda
669 3087 836 3161 olae'vitosque
857 3089 1054 3161 co'nstimptast

168 3243 187 3280 a
207 3223 362 3283 Meinekio
385 3224 568 3303 recuperati.

185 3367 187 3372 ’
272 3381 302 3439 p.
330 3370 378 3424 159
414 3365 472 3418 Aret
493 3361 541 3417 tue
563 3378 679 3417 cervum
701 3359 754 3432 qui
776 3360 915 3417 volatilem
937 3362 1075 3417 currens

399 3468 507 3540 *Spard
525 3473 640 3524 secutus
662 3466 812 3540 tripulaue
834 3465 957 3523 trdic'cit.

168 3604 217 3660 De
240 3602 349 3682 quibus
373 3602 435 3660 dixi
458 3623 489 3680 p.
512 3610 556 3663 62.

271 3761 302 3817 p.
325 3747 376 3800 229
412 3741 472 3795 Nec
494 3740 707 3795 mdltinummus
724 3737 815 3810 piscis
836 3755 875 3794 ex
894 3737 955 3794 sold
976 3738 1081 3810 criptas

411 3845 521 3915 Helo'pr
545 3859 636 3916 neque
658 3851 755 3901 ostrea
777 3843 828 3901 illo
846 3842 1089 3919 mapncxca'ptcita

162 3979 184 4040 'a
207 3981 364 4056 Scaligero
387 3978 529 4037 restituti.

270 4137 300 4193 p.
326 4125 375 4177 138
415 4117 512 4187 Neque
534 4115 563 4170 in
579 4117 713 4187 pollcbro
731 4106 849 4189 mgisticc
870 4092 990 4187 coqudm
1010 4116 1116 4173 crimes

411 4222 517 4290 Quitts
535 4224 666 4279 sotrtllcm
688 4224 813 4295 corpora
836 4241 870 4279 ac
889 4224 999 4301 famem
1021 4223 1137 4280 ve'ntris.

143 4338 245 4400 ·Vide
268 4359 346 4419 quae
369 4339 471 4397 monui
493 4359 522 4418 p.
544 4347 587 4400 41.
