2760 4890
513 361 768 411 coumcrnuns.
902 403 910 415 .
1159 355 1199 419 85

78 507 200 581 tentiae
226 519 369 580 arbitror:
399 520 480 600 quod
504 520 626 600 quidem
646 521 768 600 Lipsius
790 523 905 600 tetigit,
935 525 1040 603 quiin
1066 529 1198 607 antiquis

60 626 265 687 lectionibus
285 625 302 686 I
332 637 364 690 18
383 627 428 686 ita
449 627 550 694 locum
577 627 683 686 scribit
701 636 731 687 et
755 638 891 689 enarrat:
929 635 1012 705 siqua
1032 640 1091 690 tam
1111 653 1199 693 sacro

78 754 145 796 csse
171 739 333 805 desieram,
356 744 546 808 posteaquam
570 737 697 792 homines
724 742 792 792 surrt
818 736 902 810 sacti.
947 736 997 795 ‘Id
1020 748 1082 797 est:
1112 741 1200 817 signa

79 863 139 903 seu
161 849 282 902 statuae
303 840 428 899 deorum
445 839 599 898 desierunt
620 837 719 897 videri
741 860 829 898 sacra
851 842 916 899 sive
937 842 1092 919 religiosa,
1115 855 1197 923 post-

80 968 176 1028 quam
202 946 339 1006 homines
363 945 437 1003 facti
466 953 536 1002 sunt
562 945 657 1016 sacri,
687 945 719 1003 id
748 954 795 1004 est
824 947 969 1006 scelesti?
1015 947 1075 1026 Qui
1098 959 1201 1011 tamen

81 1054 199 1113 erravit
225 1054 257 1111 in
280 1072 334 1124 eo,
361 1048 442 1129 quod
467 1050 602 1109 noluisse
629 1055 710 1109 sacri
733 1071 840 1110 vocem
868 1053 899 1111 iu
921 1053 981 1111 tine
1001 1053 1135 1113 additam
1155 1058 1199 1117 vi-

81 1160 188 1233 detur,
216 1177 307 1238 quarn
333 1164 363 1215 et
391 1155 484 1213 Nonii
506 1155 617 1215 lemma
637 1165 670 1215 et
693 1157 791 1234 ipsum
814 1158 894 1238 quod
914 1169 1109 1238 persenserat
1130 1182 1199 1220 acu-

80 1286 155 1326 men
178 1265 315 1345 requirit.
359 1263 427 1320 Nec
448 1260 525 1320 illud
548 1261 698 1341 approbo,
722 1262 803 1341 quod
823 1267 905 1346 rippa
926 1273 984 1324 tum
1004 1264 1123 1325 scribit:
1147 1267 1199 1327 lra-

77 1370 159 1431 bent
185 1371 266 1431 enim
294 1370 388 1429 Nonii
413 1367 598 1446 exemplaria
624 1389 685 1426 non
713 1389 771 1448 quo
793 1370 840 1428 illi
858 1370 1047 1445 nitebantur,
1077 1378 1200 1449 styrtota,

80 1476 140 1536 ¹sod
162 1481 269 1552 stpnati
286 1495 383 1545 sacra,
406 1477 515 1554 inquo
535 1494 591 1551 ego
612 1474 687 1533 nihil
708 1476 767 1534 nisi
786 1476 914 1555 simplex
936 1481 1018 1552 steno
1037 1478 1135 1538 latere
1155 1502 1200 1540 ar-

82 1582 195 1655 bitror,
229 1583 278 1640 cui
305 1581 445 1641 adhaesit
472 1586 494 1640 ti
513 1580 636 1661 syllaba
658 1602 675 1642 e
698 1583 843 1660 proximis
863 1585 1044 1658 factitasti.
1089 1586 1200 1667 Itaque

82 1690 164 1750 haec
184 1688 310 1748 tandem
332 1709 407 1748 vera
427 1710 533 1749 manus
552 1688 697 1748 Varronis
719 1689 835 1768 prodit:
860 1690 948 1764 Siqua
966 1709 1053 1749 sacra
1072 1711 1134 1750 esec
1153 1699 1201 1752 ‹te-

81 1800 212 1867 sicront,
240 1803 432 1871 posteaquam
464 1799 591 1855 homines
621 1803 689 1854 sunt
713 1795 789 1869 sorti
815 1800 910 1853 sacri:
939 1817 1017 1875 quae
1046 1799 1203 1877 pedestria

84 1911 167 1963 sunt.
214 1900 297 1980 Quid
311 1921 384 1960 vero
408 1900 569 1974 Oehlerns,
595 1899 679 1958 cuius
700 1920 791 1959 causa
812 1900 889 1959 hacc
908 1904 1008 1961 omnia
1025 1903 1201 1984 disputavi?

85 2007 139 2068 Sic
173 2006 228 2067 illc
262 2008 294 2066 in
327 2015 413 2067 textu
448 2028 517 2067 suo:
558 2009 677 2083 Sipnoto
708 2006 810 2084 [natis]
840 2025 927 2065 sacro
957 2026 1019 2067 csse
1046 2014 1202 2083 desierunt,

79 2123 274 2191 posteaquam
294 2116 421 2173 homines
435 2123 502 2173 aurit
518 2116 600 2189 facti.
632 2112 749 2190 Quibus
765 2113 844 2171 hanc
861 2112 1088 2173 adnotationem
1103 2116 1203 2176 subie-

23 2232 31 2243 “
86 2222 142 2280 cit:
166 2220 341 2280 ‘Sententia
358 2222 489 2281 fortasse
510 2221 588 2280 haec
612 2228 672 2279 est:
694 2241 742 2278 ros
763 2240 869 2279 sacrae
888 2231 917 2278 et
934 2220 1133 2282 detestabiles
1151 2223 1202 2282 de.-

85 2331 205 2389 sicrunt
230 2348 280 2389 res
308 2349 377 2389 esse
404 2330 543 2406 signatae
569 2327 599 2386 lr.
633 2346 659 2386 e.
682 2328 816 2386 intactae
841 2327 925 2400 filiis,
953 2335 1151 2408 posteaquam
1172 2331 1203 2388 hi

84 2438 225 2497 homines
253 2445 323 2496 sunt
346 2437 438 2510 facti,
474 2436 505 2499 h,
538 2457 564 2492 o.
589 2440 672 2492 tauto
701 2431 820 2491 laborat
843 2441 947 2492 nostra
965 2433 1105 2493 iuventus
1128 2437 1202 2495 vitio

87 2553 119 2604 et
139 2564 257 2603 morum
279 2542 464 2622 corruptela,
488 2549 522 2600 ut
541 2559 639 2620 paene
662 2539 726 2597 iure
748 2538 845 2616 possit
867 2538 926 2597 dici
946 2540 997 2599 vel
1019 2542 1094 2620 ipsis
1117 2553 1202 2602 nata-

84 2651 160 2710 litiis
189 2651 251 2708 iam
278 2669 396 2708 omnem
419 2647 587 2706 modestiae
616 2646 750 2724 speciem
772 2645 904 2704 exuisse.
950 2647 1012 2707 Sed
1034 2649 1111 2709 haec
1134 2671 1203 2709 con-

86 2758 206 2816 iectura
228 2756 298 2815 est’
335 2757 392 2814 Est
413 2775 485 2814 vero
509 2763 540 2813 et
561 2755 673 2813 misera
695 2752 827 2831 quidem.
869 2752 982 2812 Credin
1003 2755 1114 2832 legisse
1137 2778 1205 2816 eum

87 2858 139 2923 rel
165 2863 265 2941 Lipsii
294 2861 344 2921 vel
369 2861 503 2921 Frutcrii
530 2862 767 2940 disputationes,
796 2877 871 2937 quas
899 2859 930 2917 iu
951 2861 1058 2920 cadem
1079 2863 1204 2922 adnota-

88 2970 172 3028 tione
194 2968 305 3027 affert?
348 2968 445 3027 Missa
466 2967 589 3026 tandem
611 2966 669 3024 hac
692 2974 795 3024 satura
817 2964 856 3022 ad
878 2971 982 3023 Murum
1005 2989 1150 3049 propero,
1174 2972 1206 3029 iu

89 3095 149 3155 qno
169 3082 287 3134 restant
308 3073 424 3152 aliquot
444 3093 550 3131 versus
574 3070 738 3150 aliquando
761 3072 937 3132 suscitandi.
983 3075 1034 3133 Sic
1057 3076 1093 3135 fr.
1116 3085 1134 3136 4
1154 3079 1205 3134 lm-

91 3204 155 3243 rum
181 3186 295 3242 sedtum
318 3183 486 3238 srtmmetrio
516 3180 714 3245 (summentrio
741 3176 810 3235 libri
832 3177 911 3238 Non.
935 3201 965 3258 p.
988 3188 1037 3254 87,
1067 3179 1123 3259 η),
1139 3203 1205 3241 esss-

87 3291 205 3365 satabat
227 3290 436 3348 architectorum
461 3285 648 3343 octonarium
663 3290 797 3363 aequat:

244 3444 359 3501 Harum
382 3440 495 3498 ae'diom
519 3437 686 3497 summe'tric
705 3437 874 3510 confutabat
894 3439 1110 3499 orcltite'ctoncs.

45 3592 49 3603 ι
91 3615 141 3673 Do
168 3612 254 3672 cuius
283 3630 411 3670 caesura
438 3608 510 3668 vide
538 3628 556 3666 a
583 3607 732 3665 Kraussio
756 3613 901 3682 congesta
931 3605 1034 3666 Plauti
1056 3609 1207 3669 Terentii-

92 3740 150 3799 que
168 3716 311 3797 exempla
331 3717 362 3775 in
382 3736 463 3775 novo
478 3735 581 3775 museo
599 3714 747 3774 Rhenano
764 3712 845 3772 VIII
860 3732 889 3790 p.
905 3720 966 3773 554.
997 3712 1059 3772 Sed
1077 3715 1134 3774 erit
1148 3717 1208 3775 for:

92 3835 184 3899 tasse,
209 3825 261 3904 qui
282 3842 331 3882 me
354 3821 507 3881 insimulet
527 3831 679 3901 tamquam
702 3840 782 3878 nova
803 3818 951 3897 proferre,
972 3840 1050 3898 quac
1068 3841 1107 3879 ne
1124 3821 1209 3880 illum

94 3931 217 4012 quidem
245 3929 392 3989 editorem
417 3928 559 4005 fugerint.
606 3927 681 3987 Cum
711 3928 790 3986 cnirn
816 3934 846 3983 ct
873 3926 932 3984 hoc
955 3927 1156 4003 fragmentum
1180 3937 1209 3985 et

93 4038 154 4097 alia
176 4035 344 4109 -nonnulla,
368 4055 446 4115 quae
471 4035 598 4093 metrica
620 4053 688 4092 cssc
711 4032 800 4091 docui
819 4034 871 4091 vel
895 4032 1009 4092 docebo
1032 4034 1126 4107 infra,
1151 4056 1209 4093 uno

93 4164 185 4205 versu
202 4140 286 4222 apud
308 4141 475 4202 Oehlerum
497 4161 644 4220 expressa
666 4141 741 4212 siut,
765 4141 885 4197 nescias
909 4160 982 4197 sane
1006 4140 1078 4219 quid
1102 4141 1210 4199 editori
1264 4182 1267 4189 ·

93 4250 254 4331 probatum
284 4249 392 4323 fuerit,
421 4249 472 4328 qui
500 4246 608 4306 ictibus
635 4247 789 4305 rarissime
811 4255 928 4305 tantum
950 4267 1021 4305 usus
1045 4255 1100 4305 est.
1147 4245 1209 4304 Sed

94 4356 133 4417 de
161 4357 325 4416 octonariis
350 4354 487 4413 iambicis
513 4374 548 4412 ac
578 4352 759 4431 septenariis
789 4355 875 4413 salva
901 4374 950 4413 res
980 4361 1042 4425 est,
1073 4372 1148 4430 quos
1171 4372 1209 4408 ne
