<?xml version="1.0" encoding="UTF-8"?>
<!DOCTYPE html PUBLIC "-//W3C//DTD XHTML 1.0 Transitional//EN"
    "http://www.w3.org/TR/xhtml1/DTD/xhtml1-transitional.dtd">
<html xmlns="http://www.w3.org/1999/xhtml" xml:lang="en" lang="en">
 <head>
  <title>
</title>
<meta http-equiv="Content-Type" content="text/html;charset=utf-8" />
  <meta name='ocr-system' content='tesseract 3.04.00' />
  <meta name='ocr-capabilities' content='ocr_page ocr_carea ocr_par ocr_line ocrx_word'/>
</head>
<body>
  <div class='ocr_page' id='page_1' title='image "./ioannisvahlenii00vahlgoog_0190.png"; bbox 0 0 2760 4890; ppageno 0'>
   <div class='ocr_carea' id='block_1_1' title="bbox 509 305 1198 367">
    <p class='ocr_par' dir='ltr' id='par_1_1' title="bbox 509 305 1198 367">
     <span class='ocr_line' id='line_1_1' title="bbox 509 305 1198 367; baseline 0.003 -3"><span class='ocrx_word' id='word_1_1' title='bbox 509 315 765 364; x_wconf 78' lang='lat' dir='ltr'><strong>eourncrrunn.</strong></span> <span class='ocrx_word' id='word_1_2' title='bbox 1137 305 1198 367; x_wconf 85' lang='grc'><strong>177</strong></span> 
     </span>
    </p>
   </div>
   <div class='ocr_carea' id='block_1_2' title="bbox 77 473 1199 555">
    <p class='ocr_par' dir='ltr' id='par_1_2' title="bbox 77 473 1199 555">
     <span class='ocr_line' id='line_1_2' title="bbox 77 473 1199 555; baseline 0.001 -20"><span class='ocrx_word' id='word_1_3' title='bbox 77 475 287 555; x_wconf 80' lang='lat' dir='ltr'><strong>opinationem</strong></span> <span class='ocrx_word' id='word_1_4' title='bbox 315 495 382 534; x_wconf 91' lang='lat' dir='ltr'><strong>cum</strong></span> <span class='ocrx_word' id='word_1_5' title='bbox 406 496 467 536; x_wconf 91' lang='lat' dir='ltr'><strong>non</strong></span> <span class='ocrx_word' id='word_1_6' title='bbox 493 475 606 554; x_wconf 87' lang='lat' dir='ltr'><strong>possim</strong></span> <span class='ocrx_word' id='word_1_7' title='bbox 633 474 819 551; x_wconf 81' lang='lat' dir='ltr'><strong>argumentis</strong></span> <span class='ocrx_word' id='word_1_8' title='bbox 845 473 1006 550; x_wconf 84' lang='lat' dir='ltr'><strong>refellere,</strong></span> <span class='ocrx_word' id='word_1_9' title='bbox 1036 483 1138 536; x_wconf 91' lang='lat' dir='ltr'><strong>tamen</strong></span> <span class='ocrx_word' id='word_1_10' title='bbox 1160 496 1199 536; x_wconf 89' lang='lat' dir='ltr'><strong>nc</strong></span> 
     </span>
    </p>
   </div>
   <div class='ocr_carea' id='block_1_3' title="bbox 78 578 1302 667">
    <p class='ocr_par' dir='ltr' id='par_1_3' title="bbox 78 578 1302 667">
     <span class='ocr_line' id='line_1_3' title="bbox 78 578 1302 667; baseline 0.004 -28"><span class='ocrx_word' id='word_1_11' title='bbox 78 600 179 640; x_wconf 86' lang='lat' dir='ltr'><strong>meam</strong></span> <span class='ocrx_word' id='word_1_12' title='bbox 208 579 332 660; x_wconf 90' lang='lat' dir='ltr'><strong>quidem</strong></span> <span class='ocrx_word' id='word_1_13' title='bbox 362 579 400 640; x_wconf 90' lang='lat' dir='ltr'><strong>de</strong></span> <span class='ocrx_word' id='word_1_14' title='bbox 428 601 465 640; x_wconf 88' lang='lat' dir='ltr'><strong>co</strong></span> <span class='ocrx_word' id='word_1_15' title='bbox 488 581 656 658; x_wconf 86' lang='lat' dir='ltr'><strong>fragmento</strong></span> <span class='ocrx_word' id='word_1_16' title='bbox 680 578 899 657; x_wconf 89' lang='lat' dir='ltr'><strong>coniecturam,</strong></span> <span class='ocrx_word' id='word_1_17' title='bbox 928 602 1019 662; x_wconf 90' lang='lat' dir='ltr'><strong>quam</strong></span> <span class='ocrx_word' id='word_1_18' title='bbox 1036 604 1128 667; x_wconf 90' lang='lat' dir='ltr'><strong>supra</strong></span> <span class='ocrx_word' id='word_1_19' title='bbox 1150 605 1196 644; x_wconf 89' lang='lat' dir='ltr'><strong>se·</strong></span> <span class='ocrx_word' id='word_1_20' title='bbox 1298 651 1302 661; x_wconf 35' lang='grc' dir='ltr'><strong><em>Ι</em></strong></span> 
     </span>
    </p>
   </div>
   <div class='ocr_carea' id='block_1_4' title="bbox 74 684 1230 2037">
    <p class='ocr_par' dir='ltr' id='par_1_4' title="bbox 74 684 1230 2037">
     <span class='ocr_line' id='line_1_4' title="bbox 79 684 1205 764; baseline 0.004 -20"><span class='ocrx_word' id='word_1_21' title='bbox 79 693 168 745; x_wconf 86' lang='lat' dir='ltr'><strong>cutus</strong></span> <span class='ocrx_word' id='word_1_22' title='bbox 194 705 275 762; x_wconf 92' lang='lat' dir='ltr'><strong>sum,</strong></span> <span class='ocrx_word' id='word_1_23' title='bbox 303 687 418 747; x_wconf 88' lang='lat' dir='ltr'><strong>nnllam</strong></span> <span class='ocrx_word' id='word_1_24' title='bbox 447 685 560 746; x_wconf 92' lang='lat' dir='ltr'><strong>babere</strong></span> <span class='ocrx_word' id='word_1_25' title='bbox 588 684 834 764; x_wconf 82' lang='lat' dir='ltr'><strong>probabilitatem</strong></span> <span class='ocrx_word' id='word_1_26' title='bbox 863 690 1013 750; x_wconf 75' lang='lat' dir='ltr'><strong>existimo</strong></span> <span class='ocrx_word' id='word_1_27' title='bbox 1058 688 1205 751; x_wconf 83' lang='lat' dir='ltr'><strong>Oeterum&#39;</strong></span> 
     </span>
     <span class='ocr_line' id='line_1_5' title="bbox 77 789 1198 874; baseline 0.003 -24"><span class='ocrx_word' id='word_1_28' title='bbox 77 811 221 852; x_wconf 89' lang='lat' dir='ltr'><strong>numeros</strong></span> <span class='ocrx_word' id='word_1_29' title='bbox 247 791 373 854; x_wconf 78' lang='lat' dir='ltr'><strong>distinxi</strong></span> <span class='ocrx_word' id='word_1_30' title='bbox 401 812 456 872; x_wconf 91' lang='lat' dir='ltr'><strong>pro</strong></span> <span class='ocrx_word' id='word_1_31' title='bbox 481 809 568 864; x_wconf 81' lang='lat' dir='ltr'><strong>posse</strong></span> <span class='ocrx_word' id='word_1_32' title='bbox 602 789 684 872; x_wconf 94' lang='lat' dir='ltr'><strong>quod</strong></span> <span class='ocrx_word' id='word_1_33' title='bbox 711 800 757 851; x_wconf 86' lang='lat' dir='ltr'><strong>est</strong></span> <span class='ocrx_word' id='word_1_34' title='bbox 785 793 815 852; x_wconf 92' lang='lat' dir='ltr'><strong>in</strong></span> <span class='ocrx_word' id='word_1_35' title='bbox 842 793 927 854; x_wconf 89' lang='lat' dir='ltr'><strong>lib&#39;ris</strong></span> <span class='ocrx_word' id='word_1_36' title='bbox 962 797 1097 874; x_wconf 88' lang='lat' dir='ltr'><strong>reposito</strong></span> <span class='ocrx_word' id='word_1_37' title='bbox 1121 803 1198 870; x_wconf 80' lang='lat' dir='ltr'><strong>pote,</strong></span> 
     </span>
     <span class='ocr_line' id='line_1_6' title="bbox 79 880 1201 981; baseline 0 -22"><span class='ocrx_word' id='word_1_38' title='bbox 79 895 163 980; x_wconf 90' lang='lat' dir='ltr'><strong>quod</strong></span> <span class='ocrx_word' id='word_1_39' title='bbox 191 900 283 960; x_wconf 84' lang='lat' dir='ltr'><strong>etiam</strong></span> <span class='ocrx_word' id='word_1_40' title='bbox 310 898 428 958; x_wconf 88' lang='lat' dir='ltr'><strong>infinite</strong></span> <span class='ocrx_word' id='word_1_41' title='bbox 455 880 594 977; x_wconf 75' lang='lat' dir='ltr'><strong>usurpari</strong></span> <span class='ocrx_word' id='word_1_42' title='bbox 617 895 805 956; x_wconf 82' lang='lat' dir='ltr'><strong>Ritschelius</strong></span> <span class='ocrx_word' id='word_1_43' title='bbox 827 897 905 959; x_wconf 83' lang='lat' dir='ltr'><strong>dixit</strong></span> <span class='ocrx_word' id='word_1_44' title='bbox 926 901 957 959; x_wconf 92' lang='lat' dir='ltr'><strong>in</strong></span> <span class='ocrx_word' id='word_1_45' title='bbox 969 894 1201 981; x_wconf 70' lang='lat' dir='ltr'><strong>&#39;prolegomenis</strong></span> 
     </span>
     <span class='ocr_line' id='line_1_7' title="bbox 74 988 1199 1084; baseline 0.002 -20"><span class='ocrx_word' id='word_1_46' title='bbox 74 988 119 1065; x_wconf 56' lang='lat' dir='ltr'><strong>⁸ud</strong></span> <span class='ocrx_word' id='word_1_47' title='bbox 141 1006 350 1066; x_wconf 82' lang='lat' dir='ltr'><strong>Trinummum</strong></span> <span class='ocrx_word' id='word_1_48' title='bbox 374 1025 404 1084; x_wconf 89' lang='lat' dir='ltr'><strong>p.</strong></span> <span class='ocrx_word' id='word_1_49' title='bbox 423 1021 486 1063; x_wconf 81' lang='lat' dir='ltr'><strong>em.</strong></span> <span class='ocrx_word' id='word_1_50' title='bbox 530 1004 635 1064; x_wconf 87' lang='lat' dir='ltr'><strong>Possis</strong></span> <span class='ocrx_word' id='word_1_51' title='bbox 655 1004 746 1063; x_wconf 84' lang='lat' dir='ltr'><strong>etiam</strong></span> <span class='ocrx_word' id='word_1_52' title='bbox 770 1001 808 1062; x_wconf 89' lang='lat' dir='ltr'><strong>de</strong></span> <span class='ocrx_word' id='word_1_53' title='bbox 825 1009 934 1078; x_wconf 79' lang='lat' dir='ltr'><strong>potisse</strong></span> <span class='ocrx_word' id='word_1_54' title='bbox 955 1005 1010 1080; x_wconf 85' lang='lat' dir='ltr'><strong>(cf.</strong></span> <span class='ocrx_word' id='word_1_55' title='bbox 1029 1008 1199 1067; x_wconf 88' lang='lat' dir='ltr'><strong>Lachman-</strong></span> 
     </span>
     <span class='ocr_line' id='line_1_8' title="bbox 81 1109 1200 1192; baseline 0.002 -23"><span class='ocrx_word' id='word_1_56' title='bbox 81 1130 138 1171; x_wconf 88' lang='lat' dir='ltr'><strong>nus</strong></span> <span class='ocrx_word' id='word_1_57' title='bbox 161 1112 193 1170; x_wconf 91' lang='lat' dir='ltr'><strong>in</strong></span> <span class='ocrx_word' id='word_1_58' title='bbox 213 1112 305 1187; x_wconf 85' lang='lat' dir='ltr'><strong>Lucr.</strong></span> <span class='ocrx_word' id='word_1_59' title='bbox 326 1133 356 1192; x_wconf 88' lang='lat' dir='ltr'><strong>p.</strong></span> <span class='ocrx_word' id='word_1_60' title='bbox 374 1110 439 1190; x_wconf 86' lang='grc'>316)</span> <span class='ocrx_word' id='word_1_61' title='bbox 461 1119 491 1170; x_wconf 88' lang='lat' dir='ltr'><strong>et</strong></span> <span class='ocrx_word' id='word_1_62' title='bbox 507 1110 662 1169; x_wconf 90' lang='lat' dir='ltr'><strong>octonario</strong></span> <span class='ocrx_word' id='word_1_63' title='bbox 681 1109 832 1187; x_wconf 84' lang='lat' dir='ltr'><strong>cogitare:</strong></span> <span class='ocrx_word' id='word_1_64' title='bbox 856 1119 963 1170; x_wconf 91' lang='lat' dir='ltr'><strong>neutro</strong></span> <span class='ocrx_word' id='word_1_65' title='bbox 979 1111 1067 1171; x_wconf 92' lang='lat' dir='ltr'><strong>modo</strong></span> <span class='ocrx_word' id='word_1_66' title='bbox 1083 1114 1200 1171; x_wconf 89' lang='lat' dir='ltr'><strong>numeri</strong></span> 
     </span>
     <span class='ocr_line' id='line_1_9' title="bbox 80 1215 1200 1298; baseline 0.002 -24"><span class='ocrx_word' id='word_1_67' title='bbox 80 1216 138 1296; x_wconf 90' lang='lat' dir='ltr'><strong>ipsi</strong></span> <span class='ocrx_word' id='word_1_68' title='bbox 174 1218 281 1295; x_wconf 90' lang='lat' dir='ltr'><strong>opinor</strong></span> <span class='ocrx_word' id='word_1_69' title='bbox 320 1216 493 1277; x_wconf 88' lang='lat' dir='ltr'><strong>addubitari</strong></span> <span class='ocrx_word' id='word_1_70' title='bbox 520 1222 673 1295; x_wconf 86' lang='lat' dir='ltr'><strong>poterunt.</strong></span> <span class='ocrx_word' id='word_1_71' title='bbox 725 1215 866 1288; x_wconf 84' lang='lat' dir='ltr'><strong>Deripere</strong></span> <span class='ocrx_word' id='word_1_72' title='bbox 899 1221 1040 1291; x_wconf 65' lang='lat' dir='ltr'><strong>icamiam</strong></span> <span class='ocrx_word' id='word_1_73' title='bbox 1071 1226 1200 1298; x_wconf 89' lang='lat' dir='ltr'><strong>apparet</strong></span> 
     </span>
     <span class='ocr_line' id='line_1_10' title="bbox 79 1319 1199 1406; baseline 0.004 -26"><span class='ocrx_word' id='word_1_74' title='bbox 79 1342 179 1403; x_wconf 87' lang='lat' dir='ltr'><strong>aeque</strong></span> <span class='ocrx_word' id='word_1_75' title='bbox 207 1322 286 1383; x_wconf 84' lang='lat' dir='ltr'><strong>bene</strong></span> <span class='ocrx_word' id='word_1_76' title='bbox 316 1321 462 1406; x_wconf 80' lang='lat' dir='ltr'><strong>dactylici</strong></span> <span class='ocrx_word' id='word_1_77' title='bbox 490 1341 597 1382; x_wconf 83' lang='lat' dir='ltr'><strong>versus</strong></span> <span class='ocrx_word' id='word_1_78' title='bbox 627 1319 745 1378; x_wconf 89' lang='lat' dir='ltr'><strong>initium</strong></span> <span class='ocrx_word' id='word_1_79' title='bbox 773 1339 863 1401; x_wconf 89' lang='lat' dir='ltr'><strong>quam</strong></span> <span class='ocrx_word' id='word_1_80' title='bbox 894 1323 1042 1383; x_wconf 80' lang='lat' dir='ltr'><strong>trochaici</strong></span> <span class='ocrx_word' id='word_1_81' title='bbox 1065 1324 1199 1399; x_wconf 87' lang='lat' dir='ltr'><strong>efficere,</strong></span> 
     </span>
     <span class='ocr_line' id='line_1_11' title="bbox 81 1425 1199 1499; baseline 0.002 -12"><span class='ocrx_word' id='word_1_82' title='bbox 81 1437 125 1499; x_wconf 89' lang='lat' dir='ltr'><strong>ut,</strong></span> <span class='ocrx_word' id='word_1_83' title='bbox 149 1448 218 1487; x_wconf 91' lang='lat' dir='ltr'><strong>cum</strong></span> <span class='ocrx_word' id='word_1_84' title='bbox 230 1428 287 1487; x_wconf 67' lang='lat' dir='ltr'><strong>uel</strong></span> <span class='ocrx_word' id='word_1_85' title='bbox 311 1428 369 1487; x_wconf 89' lang='lat' dir='ltr'><strong>hoc</strong></span> <span class='ocrx_word' id='word_1_86' title='bbox 389 1425 544 1487; x_wconf 91' lang='lat' dir='ltr'><strong>trochaico</strong></span> <span class='ocrx_word' id='word_1_87' title='bbox 569 1425 747 1491; x_wconf 87' lang='lat' dir='ltr'><strong>continuare</strong></span> <span class='ocrx_word' id='word_1_88' title='bbox 763 1425 972 1488; x_wconf 86' lang='lat' dir='ltr'><strong>hexametrum</strong></span> <span class='ocrx_word' id='word_1_89' title='bbox 987 1451 1049 1489; x_wconf 92' lang='lat' dir='ltr'><strong>non</strong></span> <span class='ocrx_word' id='word_1_90' title='bbox 1065 1430 1199 1490; x_wconf 85' lang='lat' dir='ltr'><strong>alienum</strong></span> 
     </span>
     <span class='ocr_line' id='line_1_12' title="bbox 80 1532 1230 1614; baseline 0.003 -22"><span class='ocrx_word' id='word_1_91' title='bbox 80 1532 222 1593; x_wconf 86' lang='lat' dir='ltr'><strong>videatur</strong></span> <span class='ocrx_word' id='word_1_92' title='bbox 249 1533 288 1593; x_wconf 87' lang='lat' dir='ltr'><strong>ab</strong></span> <span class='ocrx_word' id='word_1_93' title='bbox 316 1533 446 1593; x_wconf 86' lang='lat' dir='ltr'><strong>artificio</strong></span> <span class='ocrx_word' id='word_1_94' title='bbox 469 1533 632 1606; x_wconf 84' lang='lat' dir='ltr'><strong>Varronis,</strong></span> <span class='ocrx_word' id='word_1_95' title='bbox 661 1532 775 1592; x_wconf 90' lang='lat' dir='ltr'><strong>certius</strong></span> <span class='ocrx_word' id='word_1_96' title='bbox 802 1554 819 1593; x_wconf 91' lang='lat' dir='ltr'><strong>e</strong></span> <span class='ocrx_word' id='word_1_97' title='bbox 842 1553 902 1613; x_wconf 92' lang='lat' dir='ltr'><strong>quo</strong></span> <span class='ocrx_word' id='word_1_98' title='bbox 921 1555 1035 1614; x_wconf 83' lang='lat' dir='ltr'><strong>genere</strong></span> <span class='ocrx_word' id='word_1_99' title='bbox 1057 1557 1200 1597; x_wconf 89' lang='lat' dir='ltr'><strong>versuum</strong></span> <span class='ocrx_word' id='word_1_100' title='bbox 1228 1554 1230 1559; x_wconf 77' lang='grc'>’</span> 
     </span>
     <span class='ocr_line' id='line_1_13' title="bbox 81 1634 1201 1723; baseline 0.004 -25"><span class='ocrx_word' id='word_1_101' title='bbox 81 1639 136 1698; x_wconf 93' lang='lat' dir='ltr'><strong>illa</strong></span> <span class='ocrx_word' id='word_1_102' title='bbox 159 1644 279 1718; x_wconf 85' lang='lat' dir='ltr'><strong>sumpta</strong></span> <span class='ocrx_word' id='word_1_103' title='bbox 307 1640 368 1699; x_wconf 88' lang='lat' dir='ltr'><strong>sint</strong></span> <span class='ocrx_word' id='word_1_104' title='bbox 393 1639 454 1698; x_wconf 92' lang='lat' dir='ltr'><strong>dici</strong></span> <span class='ocrx_word' id='word_1_105' title='bbox 483 1659 544 1699; x_wconf 92' lang='lat' dir='ltr'><strong>non</strong></span> <span class='ocrx_word' id='word_1_106' title='bbox 570 1636 676 1717; x_wconf 89' lang='lat' dir='ltr'><strong>possit.</strong></span> <span class='ocrx_word' id='word_1_107' title='bbox 726 1637 778 1698; x_wconf 82' lang='lat' dir='ltr'><strong>Fr.</strong></span> <span class='ocrx_word' id='word_1_108' title='bbox 803 1639 863 1700; x_wconf 91' lang='lat' dir='ltr'><strong>VII</strong></span> <span class='ocrx_word' id='word_1_109' title='bbox 889 1640 942 1700; x_wconf 83' lang='lat' dir='ltr'><strong>vel</strong></span> <span class='ocrx_word' id='word_1_110' title='bbox 964 1643 1115 1723; x_wconf 21' lang='lat' dir='ltr'><strong>sinexulla</strong></span> <span class='ocrx_word' id='word_1_111' title='bbox 1137 1634 1201 1702; x_wconf 58' lang='lat' dir='ltr'><strong>muss</strong></span> 
     </span>
     <span class='ocr_line' id='line_1_14' title="bbox 81 1743 1198 1826; baseline 0.005 -22"><span class='ocrx_word' id='word_1_112' title='bbox 81 1746 199 1805; x_wconf 87' lang='lat' dir='ltr'><strong>tatione</strong></span> <span class='ocrx_word' id='word_1_113' title='bbox 222 1745 352 1826; x_wconf 84' lang='lat' dir='ltr'><strong>praebet</strong></span> <span class='ocrx_word' id='word_1_114' title='bbox 379 1765 463 1820; x_wconf 91' lang='lat' dir='ltr'><strong>eum,</strong></span> <span class='ocrx_word' id='word_1_115' title='bbox 485 1765 575 1825; x_wconf 92' lang='lat' dir='ltr'><strong>quem</strong></span> <span class='ocrx_word' id='word_1_116' title='bbox 597 1743 779 1823; x_wconf 81' lang='lat' dir='ltr'><strong>significavi,</strong></span> <span class='ocrx_word' id='word_1_117' title='bbox 801 1747 1007 1826; x_wconf 87' lang='lat' dir='ltr'><strong>septenarium</strong></span> <span class='ocrx_word' id='word_1_118' title='bbox 1023 1748 1198 1810; x_wconf 80' lang='lat' dir='ltr'><strong>&#39;iambicum</strong></span> 
     </span>
     <span class='ocr_line' id='line_1_15' title="bbox 80 1849 1200 1933; baseline 0 -20"><span class='ocrx_word' id='word_1_119' title='bbox 80 1854 195 1913; x_wconf 86' lang='lat' dir='ltr'><strong>Refero</strong></span> <span class='ocrx_word' id='word_1_120' title='bbox 217 1860 334 1926; x_wconf 88' lang='lat' dir='ltr'><strong>autem,</strong></span> <span class='ocrx_word' id='word_1_121' title='bbox 359 1849 439 1933; x_wconf 81' lang='lat' dir='ltr'><strong>quod</strong></span> <span class='ocrx_word' id='word_1_122' title='bbox 465 1872 557 1932; x_wconf 89' lang='lat' dir='ltr'><strong>supra</strong></span> <span class='ocrx_word' id='word_1_123' title='bbox 580 1849 729 1925; x_wconf 89' lang='lat' dir='ltr'><strong>indicavi,</strong></span> <span class='ocrx_word' id='word_1_124' title='bbox 751 1851 846 1912; x_wconf 87' lang='lat' dir='ltr'><strong>verba</strong></span> <span class='ocrx_word' id='word_1_125' title='bbox 868 1850 907 1910; x_wconf 88' lang='lat' dir='ltr'><strong>ad</strong></span> <span class='ocrx_word' id='word_1_126' title='bbox 930 1853 1037 1931; x_wconf 85' lang='lat' dir='ltr'><strong>gallos,</strong></span> <span class='ocrx_word' id='word_1_127' title='bbox 1061 1854 1113 1933; x_wconf 92' lang='lat' dir='ltr'><strong>qui</strong></span> <span class='ocrx_word' id='word_1_128' title='bbox 1132 1855 1200 1913; x_wconf 90' lang='lat' dir='ltr'><strong>istis</strong></span> 
     </span>
     <span class='ocr_line' id='line_1_16' title="bbox 81 1954 1199 2037; baseline -0.002 -19"><span class='ocrx_word' id='word_1_129' title='bbox 81 1959 183 2020; x_wconf 78' lang='lat' dir='ltr'><strong>verbis</strong></span> <span class='ocrx_word' id='word_1_130' title='bbox 207 1961 347 2019; x_wconf 87' lang='lat' dir='ltr'><strong>insanum</strong></span> <span class='ocrx_word' id='word_1_131' title='bbox 369 1954 408 2018; x_wconf 76' lang='lat' dir='ltr'><strong>eir</strong></span> <span class='ocrx_word' id='word_1_132' title='bbox 427 1956 505 2018; x_wconf 87' lang='lat' dir='ltr'><strong>aede</strong></span> <span class='ocrx_word' id='word_1_133' title='bbox 524 1977 580 2018; x_wconf 90' lang='lat' dir='ltr'><strong>sua</strong></span> <span class='ocrx_word' id='word_1_134' title='bbox 600 1957 753 2037; x_wconf 89' lang='lat' dir='ltr'><strong>repellere</strong></span> <span class='ocrx_word' id='word_1_135' title='bbox 776 1958 949 2020; x_wconf 89' lang='lat' dir='ltr'><strong>videantur.</strong></span> <span class='ocrx_word' id='word_1_136' title='bbox 994 1962 1115 2017; x_wconf 85' lang='lat' dir='ltr'><strong>Domum</strong></span> <span class='ocrx_word' id='word_1_137' title='bbox 1135 1976 1199 2017; x_wconf 83' lang='lat' dir='ltr'><strong>nos—</strong></span> 
     </span>
    </p>
   </div>
   <div class='ocr_carea' id='block_1_5' title="bbox 81 2061 1202 2465">
    <p class='ocr_par' dir='ltr' id='par_1_5' title="bbox 81 2061 1202 2465">
     <span class='ocr_line' id='line_1_17' title="bbox 83 2061 1201 2145; baseline -0.002 -19"><span class='ocrx_word' id='word_1_138' title='bbox 83 2078 159 2126; x_wconf 85' lang='lat' dir='ltr'><strong>tram</strong></span> <span class='ocrx_word' id='word_1_139' title='bbox 189 2067 271 2127; x_wconf 91' lang='lat' dir='ltr'><strong>enim</strong></span> <span class='ocrx_word' id='word_1_140' title='bbox 299 2066 405 2127; x_wconf 90' lang='lat' dir='ltr'><strong>dicunt</strong></span> <span class='ocrx_word' id='word_1_141' title='bbox 433 2062 541 2123; x_wconf 87' lang='lat' dir='ltr'><strong>aedem</strong></span> <span class='ocrx_word' id='word_1_142' title='bbox 565 2061 716 2142; x_wconf 80' lang='lat' dir='ltr'><strong>Cybeles:</strong></span> <span class='ocrx_word' id='word_1_143' title='bbox 747 2063 1001 2145; x_wconf 89' lang='lat' dir='ltr'><strong>quemadmodum</strong></span> <span class='ocrx_word' id='word_1_144' title='bbox 1022 2087 1082 2125; x_wconf 92' lang='lat' dir='ltr'><strong>non</strong></span> <span class='ocrx_word' id='word_1_145' title='bbox 1104 2065 1201 2127; x_wconf 85' lang='lat' dir='ltr'><strong>semel</strong></span> 
     </span>
     <span class='ocr_line' id='line_1_18' title="bbox 83 2173 1202 2248; baseline -0.005 -14"><span class='ocrx_word' id='word_1_146' title='bbox 83 2173 240 2235; x_wconf 77' lang='lat' dir='ltr'><strong>Catullus:</strong></span> <span class='ocrx_word' id='word_1_147' title='bbox 263 2182 299 2235; x_wconf 75' lang='grc'><strong>20</strong></span> <span class='ocrx_word' id='word_1_148' title='bbox 318 2176 470 2248; x_wconf 80' lang='lat' dir='ltr'><strong>sequimini</strong></span> <span class='ocrx_word' id='word_1_149' title='bbox 486 2173 644 2246; x_wconf 69' lang='lat' dir='ltr'><strong>Pbrypicm</strong></span> <span class='ocrx_word' id='word_1_150' title='bbox 667 2177 707 2231; x_wconf 85' lang='lat' dir='ltr'><strong>od</strong></span> <span class='ocrx_word' id='word_1_151' title='bbox 727 2176 840 2232; x_wconf 83' lang='lat' dir='ltr'><strong>domum</strong></span> <span class='ocrx_word' id='word_1_152' title='bbox 861 2175 992 2248; x_wconf 72' lang='lat' dir='ltr'><strong>Cybeben,</strong></span> <span class='ocrx_word' id='word_1_153' title='bbox 1011 2175 1140 2248; x_wconf 72' lang='lat' dir='ltr'><strong>Pierpqia</strong></span> <span class='ocrx_word' id='word_1_154' title='bbox 1162 2175 1202 2229; x_wconf 85' lang='lat' dir='ltr'><strong>od</strong></span> 
     </span>
     <span class='ocr_line' id='line_1_19' title="bbox 81 2276 1199 2357; baseline -0.002 -19"><span class='ocrx_word' id='word_1_155' title='bbox 81 2299 202 2346; x_wconf 83' lang='lat' dir='ltr'><strong>nemora</strong></span> <span class='ocrx_word' id='word_1_156' title='bbox 224 2284 303 2339; x_wconf 84' lang='lat' dir='ltr'><strong>deae.</strong></span> <span class='ocrx_word' id='word_1_157' title='bbox 342 2291 376 2344; x_wconf 82' lang='lat'><strong>35</strong></span> <span class='ocrx_word' id='word_1_158' title='bbox 402 2288 433 2338; x_wconf 82' lang='lat' dir='ltr'><strong>ut</strong></span> <span class='ocrx_word' id='word_1_159' title='bbox 459 2283 570 2337; x_wconf 83' lang='lat' dir='ltr'><strong>domum</strong></span> <span class='ocrx_word' id='word_1_160' title='bbox 597 2281 719 2353; x_wconf 75' lang='lat' dir='ltr'><strong>Cybebes</strong></span> <span class='ocrx_word' id='word_1_161' title='bbox 741 2285 857 2357; x_wconf 69' lang='lat' dir='ltr'><strong>teripere</strong></span> <span class='ocrx_word' id='word_1_162' title='bbox 877 2281 1012 2336; x_wconf 79' lang='lat' dir='ltr'><strong>lassatae.</strong></span> <span class='ocrx_word' id='word_1_163' title='bbox 1054 2276 1103 2336; x_wconf 79' lang='lat' dir='ltr'><strong>Os.</strong></span> <span class='ocrx_word' id='word_1_164' title='bbox 1123 2278 1199 2338; x_wconf 90' lang='lat' dir='ltr'><strong>Ver·</strong></span> 
     </span>
     <span class='ocr_line' id='line_1_20' title="bbox 82 2376 1199 2465; baseline -0.004 -19"><span class='ocrx_word' id='word_1_165' title='bbox 82 2388 149 2465; x_wconf 87' lang='lat' dir='ltr'><strong>gilii</strong></span> <span class='ocrx_word' id='word_1_166' title='bbox 179 2385 337 2447; x_wconf 85' lang='lat' dir='ltr'><strong>Aeneidos</strong></span> <span class='ocrx_word' id='word_1_167' title='bbox 361 2386 471 2449; x_wconf 84' lang='lat' dir='ltr'>V181.</span> <span class='ocrx_word' id='word_1_168' title='bbox 520 2390 550 2443; x_wconf 85' lang='lat' dir='ltr'><strong>in</strong></span> <span class='ocrx_word' id='word_1_169' title='bbox 578 2389 734 2445; x_wconf 81' lang='lat' dir='ltr'><strong>dierectum</strong></span> <span class='ocrx_word' id='word_1_170' title='bbox 763 2376 824 2446; x_wconf 84' lang='lat' dir='ltr'><strong>non</strong></span> <span class='ocrx_word' id='word_1_171' title='bbox 853 2385 941 2445; x_wconf 84' lang='lat' dir='ltr'><strong>aliter</strong></span> <span class='ocrx_word' id='word_1_172' title='bbox 970 2383 1078 2442; x_wconf 89' lang='lat' dir='ltr'><strong>dicitur</strong></span> <span class='ocrx_word' id='word_1_173' title='bbox 1106 2391 1199 2460; x_wconf 90' lang='lat' dir='ltr'><strong>atque</strong></span> 
     </span>
    </p>
   </div>
   <div class='ocr_carea' id='block_1_6' title="bbox 77 2489 1290 4282">
    <p class='ocr_par' dir='ltr' id='par_1_6' title="bbox 78 2489 1202 3316">
     <span class='ocr_line' id='line_1_21' title="bbox 82 2489 1200 2574; baseline -0.007 -19"><span class='ocrx_word' id='word_1_174' title='bbox 82 2496 206 2555; x_wconf 88' lang='lat' dir='ltr'><strong>comicis</strong></span> <span class='ocrx_word' id='word_1_175' title='bbox 228 2495 454 2574; x_wconf 87' lang='lat' dir='ltr'><strong>frequentatum</strong></span> <span class='ocrx_word' id='word_1_176' title='bbox 476 2497 506 2551; x_wconf 82' lang='lat' dir='ltr'><strong>in</strong></span> <span class='ocrx_word' id='word_1_177' title='bbox 529 2497 634 2550; x_wconf 77' lang='lat' dir='ltr'><strong>ntalem</strong></span> <span class='ocrx_word' id='word_1_178' title='bbox 650 2513 763 2554; x_wconf 82' lang='lat' dir='ltr'><strong>crucem</strong></span> <span class='ocrx_word' id='word_1_179' title='bbox 786 2502 818 2553; x_wconf 87' lang='lat' dir='ltr'><strong>ct</strong></span> <span class='ocrx_word' id='word_1_180' title='bbox 839 2492 960 2552; x_wconf 86' lang='lat' dir='ltr'><strong>similia.</strong></span> <span class='ocrx_word' id='word_1_181' title='bbox 989 2489 1200 2568; x_wconf 88' lang='lat' dir='ltr'><strong>Veriloquium</strong></span> 
     </span>
     <span class='ocr_line' id='line_1_22' title="bbox 79 2598 1202 2682; baseline -0.009 -20"><span class='ocrx_word' id='word_1_182' title='bbox 79 2603 167 2662; x_wconf 89' lang='lat' dir='ltr'><strong>vocis</strong></span> <span class='ocrx_word' id='word_1_183' title='bbox 193 2600 275 2682; x_wconf 91' lang='lat' dir='ltr'><strong>quod</strong></span> <span class='ocrx_word' id='word_1_184' title='bbox 299 2611 345 2662; x_wconf 83' lang='lat' dir='ltr'><strong>est</strong></span> <span class='ocrx_word' id='word_1_185' title='bbox 374 2599 455 2680; x_wconf 88' lang='lat' dir='ltr'><strong>apud</strong></span> <span class='ocrx_word' id='word_1_186' title='bbox 478 2599 611 2658; x_wconf 88' lang='lat' dir='ltr'><strong>Nonium</strong></span> <span class='ocrx_word' id='word_1_187' title='bbox 631 2619 662 2679; x_wconf 88' lang='lat' dir='ltr'><strong>p.</strong></span> <span class='ocrx_word' id='word_1_188' title='bbox 684 2609 732 2676; x_wconf 79' lang='lat'><strong>49,</strong></span> <span class='ocrx_word' id='word_1_189' title='bbox 755 2610 789 2664; x_wconf 79' lang='lat'><strong>26</strong></span> <span class='ocrx_word' id='word_1_190' title='bbox 809 2598 952 2659; x_wconf 70' lang='lat' dir='ltr'><strong>‘diereeti&#39;</strong></span> <span class='ocrx_word' id='word_1_191' title='bbox 973 2599 1043 2657; x_wconf 84' lang='lat' dir='ltr'><strong>dieti</strong></span> <span class='ocrx_word' id='word_1_192' title='bbox 1063 2599 1202 2671; x_wconf 73' lang='lat' dir='ltr'><strong>crucifici</strong></span> 
     </span>
     <span class='ocr_line' id='line_1_23' title="bbox 80 2701 1198 2787; baseline -0.007 -19"><span class='ocrx_word' id='word_1_193' title='bbox 80 2710 169 2784; x_wconf 83' lang='lat' dir='ltr'><strong>qnasi</strong></span> <span class='ocrx_word' id='word_1_194' title='bbox 188 2710 228 2765; x_wconf 83' lang='lat' dir='ltr'><strong>ad</strong></span> <span class='ocrx_word' id='word_1_195' title='bbox 248 2713 320 2767; x_wconf 83' lang='lat' dir='ltr'><strong>diem</strong></span> <span class='ocrx_word' id='word_1_196' title='bbox 340 2712 429 2766; x_wconf 84' lang='lat' dir='ltr'><strong>erecti</strong></span> <span class='ocrx_word' id='word_1_197' title='bbox 449 2728 509 2768; x_wconf 91' lang='lat' dir='ltr'><strong>non</strong></span> <span class='ocrx_word' id='word_1_198' title='bbox 532 2707 633 2766; x_wconf 85' lang='lat' dir='ltr'><strong>verius</strong></span> <span class='ocrx_word' id='word_1_199' title='bbox 650 2705 771 2766; x_wconf 85' lang='lat' dir='ltr'><strong>videtur</strong></span> <span class='ocrx_word' id='word_1_200' title='bbox 793 2727 885 2787; x_wconf 83' lang='lat' dir='ltr'><strong>quam</strong></span> <span class='ocrx_word' id='word_1_201' title='bbox 900 2703 980 2786; x_wconf 79' lang='lat' dir='ltr'><strong>quod</strong></span> <span class='ocrx_word' id='word_1_202' title='bbox 998 2701 1105 2763; x_wconf 88' lang='lat' dir='ltr'><strong>scribit</strong></span> <span class='ocrx_word' id='word_1_203' title='bbox 1119 2702 1198 2761; x_wconf 88' lang='lat' dir='ltr'><strong>Pau·</strong></span> 
     </span>
     <span class='ocr_line' id='line_1_24' title="bbox 79 2813 1199 2893; baseline -0.009 -15"><span class='ocrx_word' id='word_1_204' title='bbox 79 2818 128 2878; x_wconf 88' lang='lat' dir='ltr'><strong>lus</strong></span> <span class='ocrx_word' id='word_1_205' title='bbox 149 2815 305 2876; x_wconf 85' lang='lat' dir='ltr'><strong>breviator</strong></span> <span class='ocrx_word' id='word_1_206' title='bbox 329 2816 415 2875; x_wconf 79' lang='lat' dir='ltr'><strong>Festi</strong></span> <span class='ocrx_word' id='word_1_207' title='bbox 436 2835 467 2893; x_wconf 77' lang='lat' dir='ltr'><strong>p.</strong></span> <span class='ocrx_word' id='word_1_208' title='bbox 490 2824 524 2879; x_wconf 81' lang='lat'><strong>69</strong></span> <span class='ocrx_word' id='word_1_209' title='bbox 544 2813 586 2875; x_wconf 89' lang='grc' dir='ltr'><strong>Μ.</strong></span> <span class='ocrx_word' id='word_1_210' title='bbox 613 2813 806 2872; x_wconf 72' lang='lat' dir='ltr'><strong>‘dierectum&#39;</strong></span> <span class='ocrx_word' id='word_1_211' title='bbox 827 2815 958 2872; x_wconf 83' lang='lat' dir='ltr'><strong>dicebant</strong></span> <span class='ocrx_word' id='word_1_212' title='bbox 973 2830 1031 2886; x_wconf 85' lang='lat' dir='ltr'><strong>per</strong></span> <span class='ocrx_word' id='word_1_213' title='bbox 1049 2813 1199 2885; x_wconf 79' lang='lat' dir='ltr'><strong>antiphra-</strong></span> 
     </span>
     <span class='ocr_line' id='line_1_25' title="bbox 79 2916 1200 3000; baseline -0.005 -18"><span class='ocrx_word' id='word_1_214' title='bbox 79 2928 142 2994; x_wconf 77' lang='lat' dir='ltr'><strong>sin,</strong></span> <span class='ocrx_word' id='word_1_215' title='bbox 164 2926 289 2981; x_wconf 80' lang='lat' dir='ltr'><strong>volenter</strong></span> <span class='ocrx_word' id='word_1_216' title='bbox 309 2925 474 2996; x_wconf 71' lang='lat' dir='ltr'><strong>sionifieore</strong></span> <span class='ocrx_word' id='word_1_217' title='bbox 498 2926 604 2981; x_wconf 86' lang='lat' dir='ltr'><strong>molum</strong></span> <span class='ocrx_word' id='word_1_218' title='bbox 627 2926 709 2980; x_wconf 85' lang='lat' dir='ltr'><strong>diem.</strong></span> <span class='ocrx_word' id='word_1_219' title='bbox 742 2919 791 2981; x_wconf 82' lang='lat' dir='ltr'><strong>cf.</strong></span> <span class='ocrx_word' id='word_1_220' title='bbox 813 2919 936 2979; x_wconf 79' lang='lat' dir='ltr'><strong>Miilleri</strong></span> <span class='ocrx_word' id='word_1_221' title='bbox 961 2916 1126 3000; x_wconf 86' lang='lat' dir='ltr'><strong>adnotatio.</strong></span> <span class='ocrx_word' id='word_1_222' title='bbox 1157 2917 1200 2976; x_wconf 82' lang='lat' dir='ltr'><strong>At</strong></span> 
     </span>
     <span class='ocr_line' id='line_1_26' title="bbox 78 3021 1199 3106; baseline -0.003 -18"><span class='ocrx_word' id='word_1_223' title='bbox 78 3040 199 3101; x_wconf 86' lang='lat' dir='ltr'><strong>tamen,</strong></span> <span class='ocrx_word' id='word_1_224' title='bbox 229 3039 263 3087; x_wconf 89' lang='lat' dir='ltr'><strong>ut</strong></span> <span class='ocrx_word' id='word_1_225' title='bbox 289 3048 395 3087; x_wconf 90' lang='lat' dir='ltr'><strong>verum</strong></span> <span class='ocrx_word' id='word_1_226' title='bbox 424 3026 539 3102; x_wconf 78' lang='lat' dir='ltr'><strong>fatear,</strong></span> <span class='ocrx_word' id='word_1_227' title='bbox 568 3047 635 3086; x_wconf 90' lang='lat' dir='ltr'><strong>cum</strong></span> <span class='ocrx_word' id='word_1_228' title='bbox 659 3026 767 3086; x_wconf 86' lang='lat' dir='ltr'><strong>versus</strong></span> <span class='ocrx_word' id='word_1_229' title='bbox 792 3024 900 3106; x_wconf 87' lang='lat' dir='ltr'><strong>quibus</strong></span> <span class='ocrx_word' id='word_1_230' title='bbox 922 3023 1011 3084; x_wconf 84' lang='lat' dir='ltr'><strong>Attin</strong></span> <span class='ocrx_word' id='word_1_231' title='bbox 1032 3044 1119 3084; x_wconf 90' lang='lat' dir='ltr'><strong>sunm</strong></span> <span class='ocrx_word' id='word_1_232' title='bbox 1141 3021 1199 3085; x_wconf 81' lang='lat' dir='ltr'><strong>Oa.-</strong></span> 
     </span>
     <span class='ocr_line' id='line_1_27' title="bbox 79 3132 372 3208; baseline -0.014 -12"><span class='ocrx_word' id='word_1_233' title='bbox 79 3137 176 3196; x_wconf 89' lang='lat' dir='ltr'><strong>tullus</strong></span> <span class='ocrx_word' id='word_1_234' title='bbox 201 3132 372 3208; x_wconf 86' lang='lat' dir='ltr'><strong>concludit,</strong></span> 
     </span>
     <span class='ocr_line' id='line_1_28' title="bbox 205 3240 1038 3316; baseline -0.006 -17"><span class='ocrx_word' id='word_1_235' title='bbox 205 3294 208 3309; x_wconf 86' lang='grc'>,</span> <span class='ocrx_word' id='word_1_236' title='bbox 234 3245 306 3312; x_wconf 86' lang='lat' dir='ltr'><strong>Deo,</strong></span> <span class='ocrx_word' id='word_1_237' title='bbox 330 3261 435 3316; x_wconf 70' lang='lat' dir='ltr'><strong>maeno</strong></span> <span class='ocrx_word' id='word_1_238' title='bbox 457 3245 520 3312; x_wconf 84' lang='lat' dir='ltr'><strong>deo,</strong></span> <span class='ocrx_word' id='word_1_239' title='bbox 546 3243 661 3316; x_wconf 75' lang='lat' dir='ltr'><strong>Cybebe,</strong></span> <span class='ocrx_word' id='word_1_240' title='bbox 685 3243 738 3297; x_wconf 83' lang='lat' dir='ltr'><strong>den</strong></span> <span class='ocrx_word' id='word_1_241' title='bbox 761 3243 874 3297; x_wconf 83' lang='lat' dir='ltr'><strong>domino</strong></span> <span class='ocrx_word' id='word_1_242' title='bbox 895 3240 1038 3311; x_wconf 76' lang='lat' dir='ltr'><strong>Dindymi,</strong></span> 
     </span>
    </p>

    <p class='ocr_par' dir='ltr' id='par_1_7' title="bbox 77 3347 1290 3853">
     <span class='ocr_line' id='line_1_29' title="bbox 144 3347 1028 3424; baseline -0.007 -15"><span class='ocrx_word' id='word_1_243' title='bbox 144 3413 153 3424; x_wconf 44' lang='grc'>,</span> <span class='ocrx_word' id='word_1_244' title='bbox 233 3353 342 3408; x_wconf 84' lang='lat' dir='ltr'><strong>Procul</strong></span> <span class='ocrx_word' id='word_1_245' title='bbox 363 3369 381 3406; x_wconf 84' lang='lat' dir='ltr'><strong>a</strong></span> <span class='ocrx_word' id='word_1_246' title='bbox 402 3367 464 3406; x_wconf 85' lang='lat' dir='ltr'><strong>mea</strong></span> <span class='ocrx_word' id='word_1_247' title='bbox 487 3355 554 3406; x_wconf 82' lang='lat' dir='ltr'><strong>tuos</strong></span> <span class='ocrx_word' id='word_1_248' title='bbox 575 3351 612 3405; x_wconf 83' lang='lat' dir='ltr'><strong>sit</strong></span> <span class='ocrx_word' id='word_1_249' title='bbox 630 3349 719 3422; x_wconf 80' lang='lat' dir='ltr'><strong>soror</strong></span> <span class='ocrx_word' id='word_1_250' title='bbox 741 3349 840 3415; x_wconf 82' lang='lat' dir='ltr'><strong>omnis,</strong></span> <span class='ocrx_word' id='word_1_251' title='bbox 863 3362 924 3414; x_wconf 85' lang='lat' dir='ltr'><strong>ero,</strong></span> <span class='ocrx_word' id='word_1_252' title='bbox 947 3347 1028 3403; x_wconf 81' lang='lat' dir='ltr'><strong>domo</strong></span> 
     </span>
     <span class='ocr_line' id='line_1_30' title="bbox 79 3450 1199 3532; baseline -0.005 -18"><span class='ocrx_word' id='word_1_253' title='bbox 79 3476 149 3515; x_wconf 91' lang='lat' dir='ltr'><strong>cum</strong></span> <span class='ocrx_word' id='word_1_254' title='bbox 180 3456 233 3516; x_wconf 88' lang='lat' dir='ltr'><strong>hos</strong></span> <span class='ocrx_word' id='word_1_255' title='bbox 261 3476 369 3516; x_wconf 87' lang='lat' dir='ltr'><strong>versus</strong></span> <span class='ocrx_word' id='word_1_256' title='bbox 397 3453 572 3530; x_wconf 90' lang='lat' dir='ltr'><strong>considero,</strong></span> <span class='ocrx_word' id='word_1_257' title='bbox 600 3453 665 3514; x_wconf 89' lang='lat' dir='ltr'><strong>fieri</strong></span> <span class='ocrx_word' id='word_1_258' title='bbox 687 3472 777 3532; x_wconf 84' lang='lat' dir='ltr'><strong>posse</strong></span> <span class='ocrx_word' id='word_1_259' title='bbox 801 3450 951 3525; x_wconf 91' lang='lat' dir='ltr'><strong>concedo,</strong></span> <span class='ocrx_word' id='word_1_260' title='bbox 977 3458 1011 3509; x_wconf 92' lang='lat' dir='ltr'><strong>ut</strong></span> <span class='ocrx_word' id='word_1_261' title='bbox 1033 3450 1124 3509; x_wconf 92' lang='lat' dir='ltr'><strong>etiam</strong></span> <span class='ocrx_word' id='word_1_262' title='bbox 1146 3450 1199 3509; x_wconf 90' lang='lat' dir='ltr'><strong>illa</strong></span> 
     </span>
     <span class='ocr_line' id='line_1_31' title="bbox 80 3556 1199 3622; baseline -0.007 0"><span class='ocrx_word' id='word_1_263' title='bbox 80 3562 231 3622; x_wconf 88' lang='lat' dir='ltr'><strong>Varronis</strong></span> <span class='ocrx_word' id='word_1_264' title='bbox 254 3561 350 3622; x_wconf 85' lang='lat' dir='ltr'><strong>verba</strong></span> <span class='ocrx_word' id='word_1_265' title='bbox 372 3562 403 3620; x_wconf 92' lang='lat' dir='ltr'><strong>in</strong></span> <span class='ocrx_word' id='word_1_266' title='bbox 424 3561 553 3620; x_wconf 86' lang='lat' dir='ltr'><strong>similem</strong></span> <span class='ocrx_word' id='word_1_267' title='bbox 576 3558 759 3619; x_wconf 76' lang='lat' dir='ltr'><strong>Catullianis</strong></span> <span class='ocrx_word' id='word_1_268' title='bbox 786 3579 907 3617; x_wconf 88' lang='lat' dir='ltr'><strong>sensum</strong></span> <span class='ocrx_word' id='word_1_269' title='bbox 927 3556 1009 3616; x_wconf 88' lang='lat' dir='ltr'><strong>dicta</strong></span> <span class='ocrx_word' id='word_1_270' title='bbox 1026 3556 1139 3616; x_wconf 89' lang='lat' dir='ltr'><strong>fuerint</strong></span> <span class='ocrx_word' id='word_1_271' title='bbox 1161 3557 1199 3614; x_wconf 86' lang='lat' dir='ltr'><strong>ab</strong></span> 
     </span>
     <span class='ocr_line' id='line_1_32' title="bbox 78 3661 1290 3751; baseline -0.006 -24"><span class='ocrx_word' id='word_1_272' title='bbox 78 3668 197 3748; x_wconf 91' lang='lat' dir='ltr'><strong>aliquo,</strong></span> <span class='ocrx_word' id='word_1_273' title='bbox 221 3670 273 3751; x_wconf 95' lang='lat' dir='ltr'><strong>qui</strong></span> <span class='ocrx_word' id='word_1_274' title='bbox 297 3671 380 3730; x_wconf 91' lang='lat' dir='ltr'><strong>furor</strong></span> <span class='ocrx_word' id='word_1_275' title='bbox 402 3669 460 3729; x_wconf 90' lang='lat' dir='ltr'><strong>iste</strong></span> <span class='ocrx_word' id='word_1_276' title='bbox 481 3667 631 3746; x_wconf 84' lang='lat' dir='ltr'><strong>gallorum</strong></span> <span class='ocrx_word' id='word_1_277' title='bbox 651 3674 794 3743; x_wconf 89' lang='lat' dir='ltr'><strong>precatur</strong></span> <span class='ocrx_word' id='word_1_278' title='bbox 811 3672 844 3723; x_wconf 92' lang='lat' dir='ltr'><strong>ut</strong></span> <span class='ocrx_word' id='word_1_279' title='bbox 867 3682 986 3741; x_wconf 89' lang='lat' dir='ltr'><strong>semper</strong></span> <span class='ocrx_word' id='word_1_280' title='bbox 1005 3682 1024 3720; x_wconf 90' lang='lat' dir='ltr'><strong>a</strong></span> <span class='ocrx_word' id='word_1_281' title='bbox 1040 3682 1095 3721; x_wconf 86' lang='lat' dir='ltr'><strong>sua</strong></span> <span class='ocrx_word' id='word_1_282' title='bbox 1113 3661 1199 3722; x_wconf 89' lang='lat' dir='ltr'><strong>domo</strong></span> <span class='ocrx_word' id='word_1_283' title='bbox 1286 3662 1290 3668; x_wconf 82' lang='lat'>&#39;</span> 
     </span>
     <span class='ocr_line' id='line_1_33' title="bbox 77 3773 585 3853; baseline 0.006 -22"><span class='ocrx_word' id='word_1_284' title='bbox 77 3773 190 3853; x_wconf 90' lang='lat' dir='ltr'><strong>procul</strong></span> <span class='ocrx_word' id='word_1_285' title='bbox 211 3775 302 3836; x_wconf 90' lang='lat' dir='ltr'><strong>absit.</strong></span> <span class='ocrx_word' id='word_1_286' title='bbox 582 3839 585 3843; x_wconf 57' lang='grc'><em>,</em></span> 
     </span>
    </p>

    <p class='ocr_par' dir='ltr' id='par_1_8' title="bbox 78 3872 1200 4282">
     <span class='ocr_line' id='line_1_34' title="bbox 167 3872 1198 3962; baseline -0.008 -22"><span class='ocrx_word' id='word_1_287' title='bbox 167 3880 219 3941; x_wconf 82' lang='lat' dir='ltr'><strong>Ad</strong></span> <span class='ocrx_word' id='word_1_288' title='bbox 248 3882 362 3944; x_wconf 89' lang='lat' dir='ltr'><strong>cultum</strong></span> <span class='ocrx_word' id='word_1_289' title='bbox 391 3882 468 3942; x_wconf 83' lang='lat' dir='ltr'><strong>deae</strong></span> <span class='ocrx_word' id='word_1_290' title='bbox 493 3881 650 3962; x_wconf 87' lang='lat' dir='ltr'><strong>Phrygum</strong></span> <span class='ocrx_word' id='word_1_291' title='bbox 676 3897 712 3936; x_wconf 94' lang='lat' dir='ltr'><strong>ac</strong></span> <span class='ocrx_word' id='word_1_292' title='bbox 739 3873 933 3935; x_wconf 88' lang='lat' dir='ltr'><strong>furibundam</strong></span> <span class='ocrx_word' id='word_1_293' title='bbox 959 3872 1108 3952; x_wconf 83' lang='lat' dir='ltr'><strong>gallorum</strong></span> <span class='ocrx_word' id='word_1_294' title='bbox 1129 3893 1198 3952; x_wconf 90' lang='lat' dir='ltr'><strong>spe·</strong></span> 
     </span>
     <span class='ocr_line' id='line_1_35' title="bbox 80 3981 1199 4069; baseline -0.012 -20"><span class='ocrx_word' id='word_1_295' title='bbox 80 3990 161 4049; x_wconf 89' lang='lat' dir='ltr'><strong>ciem</strong></span> <span class='ocrx_word' id='word_1_296' title='bbox 181 3988 239 4049; x_wconf 92' lang='lat' dir='ltr'><strong>duo</strong></span> <span class='ocrx_word' id='word_1_297' title='bbox 262 3997 423 4069; x_wconf 86' lang='lat' dir='ltr'><strong>practerea</strong></span> <span class='ocrx_word' id='word_1_298' title='bbox 446 3989 619 4065; x_wconf 83' lang='lat' dir='ltr'><strong>fragmenta</strong></span> <span class='ocrx_word' id='word_1_299' title='bbox 633 3981 795 4043; x_wconf 89' lang='lat' dir='ltr'><strong>referenda</strong></span> <span class='ocrx_word' id='word_1_300' title='bbox 812 3988 891 4054; x_wconf 89' lang='lat' dir='ltr'><strong>sunt,</strong></span> <span class='ocrx_word' id='word_1_301' title='bbox 915 3982 994 4058; x_wconf 78' lang='lat' dir='ltr'><strong>quae</strong></span> <span class='ocrx_word' id='word_1_302' title='bbox 1010 3989 1112 4039; x_wconf 89' lang='lat' dir='ltr'><strong>tamen</strong></span> <span class='ocrx_word' id='word_1_303' title='bbox 1130 4000 1199 4039; x_wconf 90' lang='lat' dir='ltr'><strong>con-</strong></span> 
     </span>
     <span class='ocr_line' id='line_1_36' title="bbox 79 4083 1200 4172; baseline -0.012 -15"><span class='ocrx_word' id='word_1_304' title='bbox 79 4097 162 4157; x_wconf 90' lang='lat' dir='ltr'><strong>sulto</strong></span> <span class='ocrx_word' id='word_1_305' title='bbox 191 4096 230 4157; x_wconf 89' lang='lat' dir='ltr'><strong>ab</strong></span> <span class='ocrx_word' id='word_1_306' title='bbox 260 4098 322 4158; x_wconf 90' lang='lat' dir='ltr'><strong>illis</strong></span> <span class='ocrx_word' id='word_1_307' title='bbox 353 4097 480 4156; x_wconf 87' lang='lat' dir='ltr'><strong>secrevi.</strong></span> <span class='ocrx_word' id='word_1_308' title='bbox 531 4093 650 4172; x_wconf 89' lang='lat' dir='ltr'><strong>Nempe</strong></span> <span class='ocrx_word' id='word_1_309' title='bbox 679 4089 800 4150; x_wconf 85' lang='lat' dir='ltr'><strong>videtur</strong></span> <span class='ocrx_word' id='word_1_310' title='bbox 828 4086 881 4145; x_wconf 80' lang='lat' dir='ltr'><strong>ille</strong></span> <span class='ocrx_word' id='word_1_311' title='bbox 906 4086 944 4144; x_wconf 92' lang='lat' dir='ltr'><strong>ab</strong></span> <span class='ocrx_word' id='word_1_312' title='bbox 963 4084 1042 4145; x_wconf 91' lang='lat' dir='ltr'><strong>aede</strong></span> <span class='ocrx_word' id='word_1_313' title='bbox 1066 4083 1200 4166; x_wconf 80' lang='lat' dir='ltr'><strong>Cybeles</strong></span> 
     </span>
     <span class='ocr_line' id='line_1_37' title="bbox 78 4191 1200 4282; baseline -0.012 -19"><span class='ocrx_word' id='word_1_314' title='bbox 78 4223 224 4268; x_wconf 88' lang='lat' dir='ltr'><strong>reversus</strong></span> <span class='ocrx_word' id='word_1_315' title='bbox 249 4203 288 4264; x_wconf 93' lang='lat' dir='ltr'><strong>de</strong></span> <span class='ocrx_word' id='word_1_316' title='bbox 309 4204 459 4282; x_wconf 84' lang='lat' dir='ltr'><strong>gallorum</strong></span> <span class='ocrx_word' id='word_1_317' title='bbox 481 4219 571 4281; x_wconf 89' lang='lat' dir='ltr'><strong>quem</strong></span> <span class='ocrx_word' id='word_1_318' title='bbox 593 4196 683 4256; x_wconf 92' lang='lat' dir='ltr'><strong>modo</strong></span> <span class='ocrx_word' id='word_1_319' title='bbox 708 4196 863 4275; x_wconf 84' lang='lat' dir='ltr'><strong>aspexerit</strong></span> <span class='ocrx_word' id='word_1_320' title='bbox 881 4192 986 4252; x_wconf 88' lang='lat' dir='ltr'><strong>habitu</strong></span> <span class='ocrx_word' id='word_1_321' title='bbox 1011 4196 1078 4251; x_wconf 88' lang='lat' dir='ltr'><strong>cum</strong></span> <span class='ocrx_word' id='word_1_322' title='bbox 1095 4191 1200 4250; x_wconf 90' lang='lat' dir='ltr'><strong>nescio</strong></span> 
     </span>
    </p>
   </div>
   <div class='ocr_carea' id='block_1_7' title="bbox 39 4310 999 4472">
    <p class='ocr_par' dir='ltr' id='par_1_9' title="bbox 39 4310 999 4472">
     <span class='ocr_line' id='line_1_38' title="bbox 39 4310 503 4388; baseline -0.006 -20"><span class='ocrx_word' id='word_1_323' title='bbox 39 4355 40 4358; x_wconf 20' lang='grc' dir='ltr'>ι</span> <span class='ocrx_word' id='word_1_324' title='bbox 78 4329 141 4388; x_wconf 90' lang='lat' dir='ltr'><strong>quo</strong></span> <span class='ocrx_word' id='word_1_325' title='bbox 164 4329 333 4370; x_wconf 87' lang='lat' dir='ltr'><strong>sermonem</strong></span> <span class='ocrx_word' id='word_1_326' title='bbox 356 4310 503 4368; x_wconf 87' lang='lat' dir='ltr'><strong>seruisse:</strong></span> 
     </span>
     <span class='ocr_line' id='line_1_39' title="bbox 134 4392 999 4472; baseline -0.007 -12"><span class='ocrx_word' id='word_1_327' title='bbox 134 4411 268 4472; x_wconf 65' lang='lat' dir='ltr'><strong>vintru,</strong></span> <span class='ocrx_word' id='word_1_328' title='bbox 287 4409 369 4459; x_wconf 83' lang='lat' dir='ltr'><strong>Cour.</strong></span> <span class='ocrx_word' id='word_1_329' title='bbox 383 4425 412 4459; x_wconf 87' lang='grc' dir='ltr'><strong>ιιι</strong></span> <span class='ocrx_word' id='word_1_330' title='bbox 424 4410 514 4459; x_wconf 73' lang='lat' dir='ltr'><strong>Vane.</strong></span> <span class='ocrx_word' id='word_1_331' title='bbox 530 4423 589 4456; x_wconf 72' lang='lat' dir='ltr'><strong>sar.</strong></span> <span class='ocrx_word' id='word_1_332' title='bbox 757 4392 760 4396; x_wconf 14' lang='grc' dir='ltr'><strong><em>Δ</em></strong></span> <span class='ocrx_word' id='word_1_333' title='bbox 961 4399 999 4460; x_wconf 78' lang='grc'><strong>12</strong></span> 
     </span>
    </p>
   </div>
   <div class='ocr_carea' id='block_1_8' title="bbox 0 0 1384 4890">
    <p class='ocr_par' dir='ltr' id='par_1_10' title="bbox 0 0 1384 4890">
     <span class='ocr_line' id='line_1_40' title="bbox 0 0 1384 4890; baseline 0 0"><span class='ocrx_word' id='word_1_334' title='bbox 0 0 1384 4890; x_wconf 95' lang='lat' dir='ltr'><strong> </strong></span> 
     </span>
    </p>
   </div>
  </div>
 </body>
</html>
