2760 4890
134 311 191 375 tro
368 365 374 377 κ
551 322 817 370 ‚comannorum

131 486 235 546 sertim
253 483 360 542 morali
381 485 483 542 locum
502 483 593 542 finem
616 501 652 541 ac
674 482 849 562 primariam
871 483 959 542 huius
983 492 1107 544 saturae
1127 468 1248 564 partem

130 593 236 653 fuisse.
271 575 343 650 Fuit
364 590 442 648 enim
462 591 559 649 Varro
580 588 760 668 Menippeus
781 589 893 648 multus
911 590 943 648 in
967 590 1160 668 exagitandis
1181 592 1248 670 phi·

129 697 325 778 losophorum
348 697 485 776 ineptiis,
510 705 541 756 et
560 695 639 754 hanc
660 695 760 774 ipsam
781 679 974 754 decantatam
997 694 1036 754 de
1056 696 1168 756 finibus
1187 697 1249 758 dis-

127 802 311 864 sensionem
324 801 470 861 credibile
493 812 540 862 est
561 803 589 863 ei
611 802 737 864 uberem
759 801 918 862 deridendi
940 802 1169 884 cavillandique
1186 825 1249 864 ma·

129 911 238 969 teriam
257 908 451 989 praebuisse:
475 911 533 968 nisi
556 911 623 989 quis
645 910 730 968 malit
754 928 822 968 eum
838 907 969 967 docendi
983 910 1084 989 potins
1102 931 1194 989 quam
1210 912 1249 970 ri-

131 1017 223 1077 dendi
239 1037 332 1076 causa
347 1017 425 1074 hanc
440 1015 687 1094 philosophorum
703 1015 942 1098 controversiam
957 1025 1152 1093 persecutum
1169 1036 1249 1088 esse,

131 1125 253 1206 quando
268 1144 307 1186 ne
322 1125 382 1183 hoc
395 1122 516 1203 quidem
533 1122 690 1182 consilium
706 1122 838 1181 alienum
852 1142 870 1179 a
883 1121 992 1180 saturis
1003 1122 1075 1180 fuit:
1094 1121 1135 1179 cf.
1147 1120 1249 1179 Krab-

130 1253 222 1295 nerus.
243 1232 280 1292 de
302 1229 448 1291 Varronis
472 1228 666 1308 philosophia
687 1250 717 1308 p.
740 1240 775 1293 10
794 1237 825 1288 et
848 1237 892 1290 20.
926 1228 1002 1288 Cum
1019 1246 1093 1286 vero
1106 1225 1207 1286 nollet
1220 1226 1253 1286 in

56 1341 61 1345 ’
131 1349 236 1399 satura
252 1338 383 1398 aridiore
403 1335 472 1394 stilo
493 1324 596 1393 thema
619 1355 635 1393 e
656 1335 905 1415 philosophorum
919 1334 1033 1395 scholis
1048 1340 1251 1413 pertractare,

133 1444 313 1506 vividiorem
334 1465 370 1504 ac
394 1446 458 1502 fere
475 1441 657 1514 scaenicam,
685 1444 733 1500 cui
755 1441 808 1501 illa
829 1442 1023 1516 immisceret,
1046 1441 1254 1502 narrationem

133 1550 250 1623 ¹ascivit,
273 1570 352 1630 qnae
372 1551 510 1629 iamper
530 1568 563 1625 se
586 1550 648 1608 suis
671 1549 786 1608 salibus
808 1571 844 1609 ac
863 1551 970 1630 lepore
988 1549 1113 1628 placere
1135 1528 1250 1625 posset.

132 1657 242 1734 Itaque
258 1657 323 1716 fere
338 1667 372 1714 ut
386 1656 539 1714 Lucianus
555 1655 585 1712 in
600 1634 844 1737 Icaromenip'po,
866 1677 956 1738 quem
971 1676 1063 1735 supra
1076 1654 1175 1732 tetigi,
1192 1673 1252 1733 quo

108 1783 229 1854 'nugas
251 1773 284 1822 et
297 1764 437 1841 ,argutias
459 1761 708 1843 philosophorum
730 1766 811 1824 salse
827 1764 1000 1842 castigaret,
1025 1781 1146 1822 cursum
1168 1760 1253 1819 illum
1286 1830 1288 1832 v

98 1872 101 1876 ‘
130 1871 271 1950 Menippi
285 1871 400 1930 adrium
417 1869 513 1942 finxit,
530 1870 574 1928 sic
590 1871 697 1944 Varro,
714 1871 821 1930 induta
835 1869 1039 1951 Sesquiulixis
1052 1888 1196 1946 persona,
1220 1889 1253 1926 se

131 1976 452 2055 Gryphiolathroniam
467 1977 600 2057 aliquam
619 1978 725 2036 summi
740 1978 821 2051 boni,
843 1978 881 2038 de
898 1998 957 2058 quo
973 1977 1137 2057 ‘praeclari
1155 1977 1253 2055 philo-

70 2098 86 2116 ’·
135 2084 240 2163 sophi'
259 2085 446 2154 rixarentur,
475 2083 700 2159 indagaturum,
729 2083 830 2143 Ulixis
860 2084 998 2168 subiisse
1017 2101 1135 2142 errores
1163 2075 1252 2141 simu-

66 2216 71 2223 ’
134 2190 220 2250 lavit.
266 2189 491 2271 Sesquiulixem
514 2197 631 2262 autem,
658 2211 719 2248 non
739 2190 917 2270 simpliciter
939 2190 1063 2250 Ulixem
1084 2187 1252 2267 inscripsit,

122 2314 173 2357 ‘ne
202 2319 316 2357 meram
344 2289 518 2378 Odysseam
547 2297 713 2356 ruminatus
743 2297 914 2368 videretur,
949 2294 1005 2354 sed
1029 2294 1111 2352 hunc
1140 2313 1252 2351 novum

134 2403 258 2464 Ulixem
277 2404 473 2483 inscriptione
493 2403 699 2462 subindicaret
721 2403 844 2483 propria
867 2402 938 2461 dote
955 2403 1081 2459 vincere
1103 2408 1252 2460 veterem.

112 2511 339 2572 'Mommsenus
368 2512 432 2569 eius
459 2511 588 2568 nominis
619 2511 777 2568 consilium
805 2531 823 2568 a
845 2529 970 2567 numero
993 2527 1140 2566 annorum
1163 2527 1251 2588 repo·

133 2617 190 2689 tiit,
218 2638 293 2698 quos
315 2619 368 2677 ille
389 2639 449 2675 non
469 2617 575 2676 decem
594 2616 650 2675 sed
672 2616 845 2696 quindecim
867 2617 898 2674 in
921 2612 1070 2674 erroribus
1093 2614 1253 2673 contrivis-

68 2801 70 2806 .
135 2729 194 2778 set:
216 2719 249 2780 O.
270 2721 306 2780 L.
328 2724 459 2782 Rothius
478 2723 498 2788 l,
521 2743 547 2781 c.
565 2744 595 2801 p.
614 2732 647 2785 18
671 2722 736 2780 fere
758 2721 797 2810 ad
821 2720 949 2780 Ausonii
969 2722 1106 2798 Popmae
1130 2709 1253 2780 senten·
1298 2739 1302 2750 ·

135 2827 207 2885 tiam
232 2827 311 2884 hunc
342 2829 567 2910 Sesquiulixem
590 2827 714 2886 dimidia
733 2835 820 2906 parte
844 2825 1031 2885 callidiorem
1051 2832 1082 2885 et
1103 2828 1253 2915 versutio·

134 2953 197 2992 rem
220 2934 384 2994 Homerico
407 2934 560 3013 designari
582 2932 753 2992 arbitratur.
798 2933 892 3004 Mihi,
915 2933 966 3023 qui
985 2931 1060 2991 talia
1079 2952 1139 2992 nec
1161 2953 1255 3012 posse

134 3059 215 3097 nunc
249 3060 306 3098 nec
327 3040 452 3102 ,debere
486 3042 573 3100 nimis
606 3040 709 3117 urgeri
736 3041 920 3112 existimem,
951 3039 1064 3099 sufficit
1096 3038 1253 3113 indicium,

135 3147 216 3225 quod
238 3147 269 3206 in
283 3148 504 3228 vphilosophica
525 3156 613 3227 parte
634 3155 756 3218 saturae
777 3146 898 3223 agnovi.
932 3146 1051 3218 Restat,
1075 3146 1255 3227 priusquam

136 3271 173 3311 ex
195 3253 242 3312 his
267 3255 403 3334 reliquiis
424 3254 643 3336 philosophicis
667 3259 792 3330 pcr'gam
815 3251 854 3309 ad
870 3250 955 3324 alias',
980 3257 1013 3308 ut
1027 3252 1164 3330 Roeperi
1182 3251 1253 3310 inde

134 3380 241 3420 versus
271 3354 473 3421 resuscitandi
503 3360 661 3419 conamina
689 3357 861 3416 diiudicem.
907 3357 990 3432 Ergo
1019 3358 1064 3416 sic
1088 3358 1164 3417 duas
1184 3358 1265 3418 illas'

134 3466 281 3546 reliquias
305 3466 473 3526 distribuit:

152 3624 156 3642 ¹
219 3611 234 3665 7
284 3595 416 3661 'Alteram
436 3598 608 3661 Carneadem
631 3603 806 3676 deformasse
828 3600 936 3658 virtutis
957 3605 1028 3657 mam

284 3700 373 3767 'Acris
395 3727 410 3766 c
431 3707 513 3781 cupis
533 3710 603 3764 aceti

219 3853 237 3905 8
294 3887 301 3901 .
341 3869 345 3880 ·
348 3884 665 3903 .......
702 3845 786 3898 anam
807 3841 944 3900 Zenone'm
965 3845 1035 3898 mam

285 3953 424 4009 Mo'livisse
445 3952 516 4006 deice
537 3954 647 4015 virtute,
671 3951 744 4005 banc
766 3947 826 4006 e'ssc
848 3951 976 4006 nobilem:
999 3931 1119 4008 alteram*

286 4059 458 4116 Cdraeodem
481 4057 674 4128 destibulasse,
696 4057 767 4112 brino
788 4061 912 4111 secutum
933 4055 1067 4128 cdrpcria
1099 4103 1104 4117 ,

134 4212 271 4290 Quorum
293 4214 370 4272 illud
393 4235 460 4274 cum
482 4214 662 4274 inconcessa
686 4210 906 4292 transponendi
934 4211 1074 4285 licentia,
1104 4231 1196 4290 quam
1224 4233 1253 4290 p.

132 4331 165 4384 65
188 4321 369 4401 perstrinxi,
393 4320 591 4399 exculpserit,
615 4327 677 4378 tum
700 4340 791 4399 quam
810 4320 929 4378 incerta
952 4319 991 4377 sit
1011 4318 1080 4398 ipsa
1103 4317 1255 4399 enuntiati
