<?xml version="1.0" encoding="UTF-8"?>
<!DOCTYPE html PUBLIC "-//W3C//DTD XHTML 1.0 Transitional//EN"
    "http://www.w3.org/TR/xhtml1/DTD/xhtml1-transitional.dtd">
<html xmlns="http://www.w3.org/1999/xhtml" xml:lang="en" lang="en">
 <head>
  <title>
</title>
<meta http-equiv="Content-Type" content="text/html;charset=utf-8" />
  <meta name='ocr-system' content='tesseract 3.04.00' />
  <meta name='ocr-capabilities' content='ocr_page ocr_carea ocr_par ocr_line ocrx_word'/>
</head>
<body>
  <div class='ocr_page' id='page_1' title='image "./ioannisvahlenii00vahlgoog_0162.png"; bbox 0 0 2760 4890; ppageno 0'>
   <div class='ocr_carea' id='block_1_1' title="bbox 541 352 1228 414">
    <p class='ocr_par' dir='ltr' id='par_1_1' title="bbox 541 352 1228 414">
     <span class='ocr_line' id='line_1_1' title="bbox 541 352 1228 414; baseline 0.013 -11"><span class='ocrx_word' id='word_1_1' title='bbox 541 356 796 405; x_wconf 68' lang='lat' dir='ltr'><strong>commorarer.</strong></span> <span class='ocrx_word' id='word_1_2' title='bbox 1168 352 1228 414; x_wconf 82' lang='grc'><strong>149</strong></span> 
     </span>
    </p>
   </div>
   <div class='ocr_carea' id='block_1_2' title="bbox 110 513 1233 1019">
    <p class='ocr_par' dir='ltr' id='par_1_2' title="bbox 110 513 1233 1019">
     <span class='ocr_line' id='line_1_2' title="bbox 110 513 1231 596; baseline 0.007 -23"><span class='ocrx_word' id='word_1_3' title='bbox 110 518 240 590; x_wconf 74' lang='lat' dir='ltr'><strong>inferuis</strong></span> <span class='ocrx_word' id='word_1_4' title='bbox 266 518 405 574; x_wconf 77' lang='lat' dir='ltr'><strong>tenebris:</strong></span> <span class='ocrx_word' id='word_1_5' title='bbox 433 513 686 596; x_wconf 81' lang='lat' dir='ltr'><strong>quemadmodum</strong></span> <span class='ocrx_word' id='word_1_6' title='bbox 708 517 856 575; x_wconf 80' lang='lat' dir='ltr'><strong>Horatius</strong></span> <span class='ocrx_word' id='word_1_7' title='bbox 881 538 972 579; x_wconf 88' lang='lat' dir='ltr'><strong>carm.</strong></span> <span class='ocrx_word' id='word_1_8' title='bbox 996 524 1042 582; x_wconf 89' lang='lat' dir='ltr'><strong>IV</strong></span> <span class='ocrx_word' id='word_1_9' title='bbox 1063 531 1090 595; x_wconf 82' lang='lat'><strong>7,</strong></span> <span class='ocrx_word' id='word_1_10' title='bbox 1112 532 1145 586; x_wconf 74' lang='lat'><strong>25</strong></span> <span class='ocrx_word' id='word_1_11' title='bbox 1182 527 1231 583; x_wconf 87' lang='lat' dir='ltr'><strong>In-</strong></span> 
     </span>
     <span class='ocr_line' id='line_1_3' title="bbox 110 622 1232 702; baseline 0.008 -23"><span class='ocrx_word' id='word_1_12' title='bbox 110 624 319 697; x_wconf 71' lang='lat' dir='ltr'><strong>[ernianoque</strong></span> <span class='ocrx_word' id='word_1_13' title='bbox 339 624 414 679; x_wconf 77' lang='lat' dir='ltr'><strong>enim</strong></span> <span class='ocrx_word' id='word_1_14' title='bbox 434 623 558 697; x_wconf 71' lang='lat' dir='ltr'><strong>tenebris</strong></span> <span class='ocrx_word' id='word_1_15' title='bbox 576 622 673 679; x_wconf 78' lang='lat' dir='ltr'><strong>Diana</strong></span> <span class='ocrx_word' id='word_1_16' title='bbox 693 625 830 694; x_wconf 83' lang='lat' dir='ltr'><strong>pudicum</strong></span> <span class='ocrx_word' id='word_1_17' title='bbox 847 628 952 685; x_wconf 80' lang='lat' dir='ltr'><strong>liberat</strong></span> <span class='ocrx_word' id='word_1_18' title='bbox 974 629 1177 702; x_wconf 76' lang='lat' dir='ltr'><strong>Hippolytum,</strong></span> <span class='ocrx_word' id='word_1_19' title='bbox 1201 638 1232 688; x_wconf 89' lang='lat' dir='ltr'><strong>et</strong></span> 
     </span>
     <span class='ocr_line' id='line_1_4' title="bbox 112 718 1232 804; baseline 0.006 -16"><span class='ocrx_word' id='word_1_20' title='bbox 112 718 269 804; x_wconf 88' lang='lat' dir='ltr'><strong>Vergilius</strong></span> <span class='ocrx_word' id='word_1_21' title='bbox 291 725 453 797; x_wconf 68' lang='lat' dir='ltr'><strong>Aen.,VII</strong></span> <span class='ocrx_word' id='word_1_22' title='bbox 470 735 520 788; x_wconf 72' lang='lat'><strong>325</strong></span> <span class='ocrx_word' id='word_1_23' title='bbox 542 726 730 801; x_wconf 76' lang='lat' dir='ltr'><strong>infernisque</strong></span> <span class='ocrx_word' id='word_1_24' title='bbox 751 734 805 787; x_wconf 81' lang='lat' dir='ltr'><strong>etet</strong></span> <span class='ocrx_word' id='word_1_25' title='bbox 826 735 959 790; x_wconf 83' lang='lat' dir='ltr'><strong>tenebris.</strong></span> <span class='ocrx_word' id='word_1_26' title='bbox 990 734 1033 792; x_wconf 90' lang='lat' dir='ltr'><strong>Ut</strong></span> <span class='ocrx_word' id='word_1_27' title='bbox 1053 735 1113 793; x_wconf 90' lang='lat' dir='ltr'><strong>iam</strong></span> <span class='ocrx_word' id='word_1_28' title='bbox 1136 757 1232 794; x_wconf 90' lang='lat' dir='ltr'><strong>emer·</strong></span> 
     </span>
     <span class='ocr_line' id='line_1_5' title="bbox 112 831 1233 913; baseline 0.008 -21"><span class='ocrx_word' id='word_1_29' title='bbox 112 842 168 912; x_wconf 86' lang='lat' dir='ltr'><strong>gat</strong></span> <span class='ocrx_word' id='word_1_30' title='bbox 181 853 228 893; x_wconf 75' lang='lat' dir='ltr'><strong>,ea</strong></span> <span class='ocrx_word' id='word_1_31' title='bbox 255 852 345 913; x_wconf 90' lang='lat' dir='ltr'><strong>quam</strong></span> <span class='ocrx_word' id='word_1_32' title='bbox 374 831 544 908; x_wconf 86' lang='lat' dir='ltr'><strong>significavi</strong></span> <span class='ocrx_word' id='word_1_33' title='bbox 569 833 721 892; x_wconf 89' lang='lat' dir='ltr'><strong>sententia</strong></span> <span class='ocrx_word' id='word_1_34' title='bbox 750 854 788 892; x_wconf 86' lang='lat' dir='ltr'><strong>ex</strong></span> <span class='ocrx_word' id='word_1_35' title='bbox 816 835 875 895; x_wconf 88' lang='lat' dir='ltr'><strong>hac</strong></span> <span class='ocrx_word' id='word_1_36' title='bbox 897 839 1150 900; x_wconf 86' lang='lat' dir='ltr'><strong>conformatione:</strong></span> <span class='ocrx_word' id='word_1_37' title='bbox 1190 844 1233 901; x_wconf 80' lang='lat' dir='ltr'><strong>Sit</strong></span> 
     </span>
     <span class='ocr_line' id='line_1_6' title="bbox 112 927 1230 1019; baseline 0.005 -20"><span class='ocrx_word' id='word_1_38' title='bbox 112 945 215 999; x_wconf 80' lang='lat' dir='ltr'><strong>saltem</strong></span> <span class='ocrx_word' id='word_1_39' title='bbox 238 940 362 1019; x_wconf 63' lang='lat' dir='ltr'><strong>infernis</strong></span> <span class='ocrx_word' id='word_1_40' title='bbox 388 942 512 998; x_wconf 79' lang='lat' dir='ltr'><strong>tenebris</strong></span> <span class='ocrx_word' id='word_1_41' title='bbox 534 927 626 1009; x_wconf 75' lang='grc' dir='ltr'><strong><em>κακὸς</em></strong></span> <span class='ocrx_word' id='word_1_42' title='bbox 650 935 764 1015; x_wconf 79' lang='grc' dir='ltr'><strong><em>δαίμων</em></strong></span> <span class='ocrx_word' id='word_1_43' title='bbox 792 951 878 1018; x_wconf 81' lang='lat' dir='ltr'><strong>atque</strong></span> <span class='ocrx_word' id='word_1_44' title='bbox 899 949 1004 1005; x_wconf 80' lang='lat' dir='ltr'><strong>tabeat</strong></span> <span class='ocrx_word' id='word_1_45' title='bbox 1024 949 1153 1005; x_wconf 79' lang='lat' dir='ltr'><strong>homines</strong></span> <span class='ocrx_word' id='word_1_46' title='bbox 1175 951 1230 1005; x_wconf 86' lang='lat' dir='ltr'><strong>sol-</strong></span> 
     </span>
    </p>
   </div>
   <div class='ocr_carea' id='block_1_3' title="bbox 112 1046 1231 1232">
    <p class='ocr_par' dir='ltr' id='par_1_3' title="bbox 112 1046 1231 1232">
     <span class='ocr_line' id='line_1_7' title="bbox 112 1046 1231 1133; baseline 0.004 -27"><span class='ocrx_word' id='word_1_47' title='bbox 112 1052 219 1118; x_wconf 81' lang='lat' dir='ltr'><strong>licitos,</strong></span> <span class='ocrx_word' id='word_1_48' title='bbox 242 1049 319 1120; x_wconf 79' lang='lat' dir='ltr'><strong>quod</strong></span> <span class='ocrx_word' id='word_1_49' title='bbox 338 1048 503 1118; x_wconf 74' lang='lat' dir='ltr'><strong>campeius</strong></span> <span class='ocrx_word' id='word_1_50' title='bbox 522 1046 683 1119; x_wconf 77' lang='lat' dir='ltr'><strong>formidant</strong></span> <span class='ocrx_word' id='word_1_51' title='bbox 702 1067 788 1122; x_wconf 83' lang='lat' dir='ltr'><strong>quam</strong></span> <span class='ocrx_word' id='word_1_52' title='bbox 808 1052 884 1125; x_wconf 79' lang='lat' dir='ltr'><strong>fulto</strong></span> <span class='ocrx_word' id='word_1_53' title='bbox 904 1057 1021 1111; x_wconf 80' lang='lat' dir='ltr'><strong>alutam.</strong></span> <span class='ocrx_word' id='word_1_54' title='bbox 1062 1054 1100 1112; x_wconf 92' lang='lat' dir='ltr'><strong>In</strong></span> <span class='ocrx_word' id='word_1_55' title='bbox 1123 1052 1231 1133; x_wconf 85' lang='lat' dir='ltr'><strong>quibua</strong></span> 
     </span>
     <span class='ocr_line' id='line_1_8' title="bbox 113 1150 1092 1232; baseline 0.005 -19"><span class='ocrx_word' id='word_1_56' title='bbox 113 1161 168 1213; x_wconf 89' lang='lat' dir='ltr'><strong>aut</strong></span> <span class='ocrx_word' id='word_1_57' title='bbox 187 1151 295 1213; x_wconf 88' lang='lat' dir='ltr'><strong>eludor</strong></span> <span class='ocrx_word' id='word_1_58' title='bbox 318 1150 423 1210; x_wconf 85' lang='lat' dir='ltr'><strong>fallaci</strong></span> <span class='ocrx_word' id='word_1_59' title='bbox 445 1151 548 1228; x_wconf 86' lang='lat' dir='ltr'><strong>specie</strong></span> <span class='ocrx_word' id='word_1_60' title='bbox 572 1160 624 1210; x_wconf 88' lang='lat' dir='ltr'><strong>aut</strong></span> <span class='ocrx_word' id='word_1_61' title='bbox 644 1151 815 1232; x_wconf 78' lang='lat' dir='ltr'><strong>dactylicus</strong></span> <span class='ocrx_word' id='word_1_62' title='bbox 838 1177 980 1218; x_wconf 84' lang='lat' dir='ltr'><strong>numerus</strong></span> <span class='ocrx_word' id='word_1_63' title='bbox 1002 1159 1092 1218; x_wconf 89' lang='lat' dir='ltr'><strong>latet:</strong></span> 
     </span>
    </p>
   </div>
   <div class='ocr_carea' id='block_1_4' title="bbox 266 1305 1058 1590">
    <p class='ocr_par' dir='ltr' id='par_1_4' title="bbox 266 1305 1058 1590">
     <span class='ocr_line' id='line_1_9' title="bbox 269 1305 788 1378; baseline 0 -16"><span class='ocrx_word' id='word_1_64' title='bbox 269 1306 312 1363; x_wconf 77' lang='lat' dir='ltr'><strong>Sa</strong></span> <span class='ocrx_word' id='word_1_65' title='bbox 331 1308 431 1362; x_wconf 77' lang='lat' dir='ltr'><strong>saltem</strong></span> <span class='ocrx_word' id='word_1_66' title='bbox 454 1305 579 1378; x_wconf 77' lang='lat' dir='ltr'><strong>infernis</strong></span> <span class='ocrx_word' id='word_1_67' title='bbox 602 1308 726 1362; x_wconf 78' lang='lat' dir='ltr'><strong>tenebris</strong></span> <span class='ocrx_word' id='word_1_68' title='bbox 750 1339 788 1349; x_wconf 84' lang='lat'><em>—</em></span> 
     </span>
     <span class='ocr_line' id='line_1_10' title="bbox 360 1410 1058 1491; baseline 0.017 -26"><span class='ocrx_word' id='word_1_69' title='bbox 360 1412 452 1483; x_wconf 80' lang='lat' dir='ltr'><em>Atque</em></span> <span class='ocrx_word' id='word_1_70' title='bbox 472 1410 577 1466; x_wconf 80' lang='lat' dir='ltr'><strong>babeat</strong></span> <span class='ocrx_word' id='word_1_71' title='bbox 598 1413 726 1469; x_wconf 78' lang='lat' dir='ltr'><strong>homines</strong></span> <span class='ocrx_word' id='word_1_72' title='bbox 744 1417 880 1473; x_wconf 82' lang='lat' dir='ltr'><strong>sollicitos</strong></span> <span class='ocrx_word' id='word_1_73' title='bbox 900 1421 1058 1491; x_wconf 79' lang='lat' dir='ltr'><strong>quodcum</strong></span> 
     </span>
     <span class='ocr_line' id='line_1_11' title="bbox 266 1516 874 1590; baseline 0.003 -15"><span class='ocrx_word' id='word_1_74' title='bbox 266 1519 355 1575; x_wconf 80' lang='lat' dir='ltr'><strong>Peius</strong></span> <span class='ocrx_word' id='word_1_75' title='bbox 373 1516 535 1589; x_wconf 79' lang='lat' dir='ltr'><strong>formidant</strong></span> <span class='ocrx_word' id='word_1_76' title='bbox 556 1523 641 1590; x_wconf 72' lang='lat' dir='ltr'><strong>quam</strong></span> <span class='ocrx_word' id='word_1_77' title='bbox 659 1517 734 1589; x_wconf 81' lang='lat' dir='ltr'><strong>fullo</strong></span> <span class='ocrx_word' id='word_1_78' title='bbox 756 1522 874 1577; x_wconf 77' lang='lat' dir='ltr'><strong>atulam.</strong></span> 
     </span>
    </p>
   </div>
   <div class='ocr_carea' id='block_1_5' title="bbox 38 1667 1300 4398">
    <p class='ocr_par' dir='ltr' id='par_1_5' title="bbox 38 1667 1232 2686">
     <span class='ocr_line' id='line_1_12' title="bbox 113 1667 1230 1752; baseline 0.001 -23"><span class='ocrx_word' id='word_1_79' title='bbox 113 1670 236 1749; x_wconf 81' lang='lat' dir='ltr'><strong>Quibus</strong></span> <span class='ocrx_word' id='word_1_80' title='bbox 261 1669 287 1727; x_wconf 86' lang='lat' dir='ltr'><strong>si</strong></span> <span class='ocrx_word' id='word_1_81' title='bbox 314 1667 388 1726; x_wconf 89' lang='lat' dir='ltr'><strong>licet</strong></span> <span class='ocrx_word' id='word_1_82' title='bbox 412 1667 580 1739; x_wconf 87' lang='lat' dir='ltr'><strong>confidere,</strong></span> <span class='ocrx_word' id='word_1_83' title='bbox 610 1675 732 1746; x_wconf 90' lang='lat' dir='ltr'><strong>praesto</strong></span> <span class='ocrx_word' id='word_1_84' title='bbox 748 1678 807 1741; x_wconf 55' lang='lat' dir='ltr'><strong>vest</strong></span> <span class='ocrx_word' id='word_1_85' title='bbox 835 1672 927 1730; x_wconf 89' lang='lat' dir='ltr'><strong>etiam</strong></span> <span class='ocrx_word' id='word_1_86' title='bbox 954 1674 1007 1752; x_wconf 91' lang='lat' dir='ltr'><strong>qui</strong></span> <span class='ocrx_word' id='word_1_87' title='bbox 1028 1673 1116 1752; x_wconf 89' lang='lat' dir='ltr'><strong>primi</strong></span> <span class='ocrx_word' id='word_1_88' title='bbox 1136 1670 1230 1730; x_wconf 84' lang='lat' dir='ltr'><strong>hexa-</strong></span> 
     </span>
     <span class='ocr_line' id='line_1_13' title="bbox 112 1771 1230 1860; baseline 0.003 -24"><span class='ocrx_word' id='word_1_89' title='bbox 112 1777 203 1836; x_wconf 84' lang='lat' dir='ltr'><strong>metri</strong></span> <span class='ocrx_word' id='word_1_90' title='bbox 228 1776 341 1834; x_wconf 81' lang='lat' dir='ltr'><strong>exitum</strong></span> <span class='ocrx_word' id='word_1_91' title='bbox 363 1773 503 1849; x_wconf 87' lang='lat' dir='ltr'><strong>refingas.</strong></span> <span class='ocrx_word' id='word_1_92' title='bbox 541 1771 617 1832; x_wconf 83' lang='lat' dir='ltr'><strong>Cum</strong></span> <span class='ocrx_word' id='word_1_93' title='bbox 639 1777 718 1834; x_wconf 86' lang='lat' dir='ltr'><strong>euim</strong></span> <span class='ocrx_word' id='word_1_94' title='bbox 741 1773 954 1855; x_wconf 81' lang='lat' dir='ltr'><strong>Aristophanis</strong></span> <span class='ocrx_word' id='word_1_95' title='bbox 975 1779 1120 1860; x_wconf 86' lang='lat' dir='ltr'><strong>Equitum</strong></span> <span class='ocrx_word' id='word_1_96' title='bbox 1136 1801 1165 1837; x_wconf 93' lang='lat' dir='ltr'><strong>v.</strong></span> <span class='ocrx_word' id='word_1_97' title='bbox 1183 1788 1230 1841; x_wconf 91' lang='lat' dir='ltr'><strong>lll</strong></span> 
     </span>
     <span class='ocr_line' id='line_1_14' title="bbox 113 1867 1232 1960; baseline -0.003 -17"><span class='ocrx_word' id='word_1_98' title='bbox 113 1882 256 1943; x_wconf 85' lang='lat' dir='ltr'><strong>confero:</strong></span> <span class='ocrx_word' id='word_1_99' title='bbox 271 1867 344 1960; x_wconf 79' lang='grc' dir='ltr'><strong>ἆτᾶρ</strong></span> <span class='ocrx_word' id='word_1_100' title='bbox 358 1877 412 1936; x_wconf 80' lang='grc' dir='ltr'><strong>τοῦ</strong></span> <span class='ocrx_word' id='word_1_101' title='bbox 426 1875 565 1954; x_wconf 82' lang='grc' dir='ltr'><strong><em>δαίμονος</em></strong></span> <span class='ocrx_word' id='word_1_102' title='bbox 578 1869 684 1957; x_wconf 81' lang='grc' dir='ltr'><strong><em>δέδοιχ’</em></strong></span> <span class='ocrx_word' id='word_1_103' title='bbox 704 1873 784 1952; x_wconf 76' lang='grc' dir='ltr'><strong><em>ὅπως</em></strong></span> <span class='ocrx_word' id='word_1_104' title='bbox 798 1869 840 1957; x_wconf 78' lang='grc' dir='ltr'><strong>μὴ</strong></span> <span class='ocrx_word' id='word_1_105' title='bbox 854 1873 991 1958; x_wconf 79' lang='grc' dir='ltr'><strong><em>τεύξομαι</em></strong></span> <span class='ocrx_word' id='word_1_106' title='bbox 1002 1883 1232 1959; x_wconf 68' lang='grc' dir='ltr'><strong><em>κακοδαίμονος,</em></strong></span> 
     </span>
     <span class='ocr_line' id='line_1_15' title="bbox 38 1977 1232 2073; baseline -0.003 -24"><span class='ocrx_word' id='word_1_107' title='bbox 38 2064 44 2073; x_wconf 32' lang='lat'>⁸</span> <span class='ocrx_word' id='word_1_108' title='bbox 112 2011 176 2049; x_wconf 92' lang='lat' dir='ltr'><strong>non</strong></span> <span class='ocrx_word' id='word_1_109' title='bbox 204 1985 403 2068; x_wconf 75' lang='lat' dir='ltr'><strong>improbabile</strong></span> <span class='ocrx_word' id='word_1_110' title='bbox 432 1983 555 2044; x_wconf 79' lang='lat' dir='ltr'><strong>videtur</strong></span> <span class='ocrx_word' id='word_1_111' title='bbox 577 1986 746 2046; x_wconf 90' lang='lat' dir='ltr'><strong>Varronem</strong></span> <span class='ocrx_word' id='word_1_112' title='bbox 772 2007 826 2069; x_wconf 78' lang='lat' dir='ltr'><strong>pro</strong></span> <span class='ocrx_word' id='word_1_113' title='bbox 856 1986 985 2066; x_wconf 86' lang='lat' dir='ltr'><strong>simplici</strong></span> <span class='ocrx_word' id='word_1_114' title='bbox 1007 1977 1098 2060; x_wconf 80' lang='grc' dir='ltr'><strong><em>κακὸς</em></strong></span> <span class='ocrx_word' id='word_1_115' title='bbox 1118 1987 1232 2064; x_wconf 84' lang='grc' dir='ltr'><strong><em>δαίμων</em></strong></span> 
     </span>
     <span class='ocr_line' id='line_1_16' title="bbox 113 2083 1231 2171; baseline -0.002 -16"><span class='ocrx_word' id='word_1_116' title='bbox 113 2083 213 2155; x_wconf 79' lang='lat' dir='ltr'><strong>itaut</strong></span> <span class='ocrx_word' id='word_1_117' title='bbox 234 2111 359 2151; x_wconf 90' lang='lat' dir='ltr'><strong>numero</strong></span> <span class='ocrx_word' id='word_1_118' title='bbox 383 2091 546 2150; x_wconf 87' lang='lat' dir='ltr'><strong>conveniat</strong></span> <span class='ocrx_word' id='word_1_119' title='bbox 568 2094 727 2171; x_wconf 84' lang='lat' dir='ltr'><strong>scripsisse</strong></span> <span class='ocrx_word' id='word_1_120' title='bbox 751 2090 865 2168; x_wconf 82' lang='grc' dir='ltr'><strong><em>δαίμων</em></strong></span> <span class='ocrx_word' id='word_1_121' title='bbox 886 2090 1085 2171; x_wconf 81' lang='grc' dir='ltr'><strong><em>κακοδαίμων.</em></strong></span> <span class='ocrx_word' id='word_1_122' title='bbox 1115 2095 1178 2155; x_wconf 83' lang='lat' dir='ltr'><strong>Sed</strong></span> <span class='ocrx_word' id='word_1_123' title='bbox 1193 2116 1231 2153; x_wconf 90' lang='lat' dir='ltr'><strong>ne</strong></span> 
     </span>
     <span class='ocr_line' id='line_1_17' title="bbox 114 2197 1232 2283; baseline 0 -24"><span class='ocrx_word' id='word_1_124' title='bbox 114 2199 189 2283; x_wconf 87' lang='lat' dir='ltr'><strong>quid</strong></span> <span class='ocrx_word' id='word_1_125' title='bbox 218 2197 421 2270; x_wconf 82' lang='lat' dir='ltr'><strong>dissimulem,</strong></span> <span class='ocrx_word' id='word_1_126' title='bbox 448 2198 637 2257; x_wconf 89' lang='lat' dir='ltr'><strong>incommodo</strong></span> <span class='ocrx_word' id='word_1_127' title='bbox 664 2206 710 2257; x_wconf 88' lang='lat' dir='ltr'><strong>est</strong></span> <span class='ocrx_word' id='word_1_128' title='bbox 737 2198 828 2271; x_wconf 88' lang='lat' dir='ltr'><strong>illud,</strong></span> <span class='ocrx_word' id='word_1_129' title='bbox 861 2198 942 2277; x_wconf 91' lang='lat' dir='ltr'><strong>quod</strong></span> <span class='ocrx_word' id='word_1_130' title='bbox 963 2202 1145 2277; x_wconf 83' lang='lat' dir='ltr'><strong>pentametri</strong></span> <span class='ocrx_word' id='word_1_131' title='bbox 1164 2202 1232 2259; x_wconf 86' lang='lat' dir='ltr'><strong>finis</strong></span> 
     </span>
     <span class='ocr_line' id='line_1_18' title="bbox 113 2277 1230 2384; baseline -0.003 -18"><span class='ocrx_word' id='word_1_132' title='bbox 113 2308 148 2366; x_wconf 90' lang='lat' dir='ltr'><strong>in</strong></span> <span class='ocrx_word' id='word_1_133' title='bbox 168 2305 300 2365; x_wconf 82' lang='lat' dir='ltr'><strong>mediam</strong></span> <span class='ocrx_word' id='word_1_134' title='bbox 322 2303 428 2362; x_wconf 90' lang='lat' dir='ltr'><strong>incidit</strong></span> <span class='ocrx_word' id='word_1_135' title='bbox 454 2305 649 2363; x_wconf 88' lang='lat' dir='ltr'><strong>sententiam:</strong></span> <span class='ocrx_word' id='word_1_136' title='bbox 678 2304 716 2363; x_wconf 88' lang='lat' dir='ltr'><strong>de</strong></span> <span class='ocrx_word' id='word_1_137' title='bbox 742 2326 801 2384; x_wconf 91' lang='lat' dir='ltr'><strong>quo</strong></span> <span class='ocrx_word' id='word_1_138' title='bbox 830 2277 1010 2377; x_wconf 85' lang='lat' dir='ltr'><strong>videndum,</strong></span> <span class='ocrx_word' id='word_1_139' title='bbox 1036 2315 1134 2364; x_wconf 89' lang='lat' dir='ltr'><strong>utrum</strong></span> <span class='ocrx_word' id='word_1_140' title='bbox 1154 2307 1230 2365; x_wconf 87' lang='lat' dir='ltr'><strong>Var-</strong></span> 
     </span>
     <span class='ocr_line' id='line_1_19' title="bbox 113 2397 1232 2499; baseline -0.002 -27"><span class='ocrx_word' id='word_1_141' title='bbox 113 2410 182 2473; x_wconf 92' lang='lat' dir='ltr'><strong>roni</strong></span> <span class='ocrx_word' id='word_1_142' title='bbox 208 2407 396 2499; x_wconf 79' lang='lat' dir='ltr'><strong>concedatur</strong></span> <span class='ocrx_word' id='word_1_143' title='bbox 416 2430 524 2470; x_wconf 90' lang='lat' dir='ltr'><strong>necne.</strong></span> <span class='ocrx_word' id='word_1_144' title='bbox 570 2409 651 2488; x_wconf 75' lang='lat' dir='ltr'><strong>Quid</strong></span> <span class='ocrx_word' id='word_1_145' title='bbox 673 2410 758 2470; x_wconf 91' lang='lat' dir='ltr'><strong>ulula</strong></span> <span class='ocrx_word' id='word_1_146' title='bbox 777 2410 817 2470; x_wconf 92' lang='lat' dir='ltr'><strong>ad</strong></span> <span class='ocrx_word' id='word_1_147' title='bbox 838 2411 1000 2484; x_wconf 88' lang='lat' dir='ltr'><strong>fullonem,</strong></span> <span class='ocrx_word' id='word_1_148' title='bbox 1024 2397 1084 2469; x_wconf 83' lang='lat' dir='ltr'><strong>non</strong></span> <span class='ocrx_word' id='word_1_149' title='bbox 1104 2420 1232 2490; x_wconf 87' lang='lat' dir='ltr'><strong>exputo:</strong></span> 
     </span>
     <span class='ocr_line' id='line_1_20' title="bbox 114 2515 1231 2598; baseline -0.004 -19"><span class='ocrx_word' id='word_1_150' title='bbox 114 2521 233 2597; x_wconf 89' lang='lat' dir='ltr'><strong>Popma</strong></span> <span class='ocrx_word' id='word_1_151' title='bbox 259 2515 381 2597; x_wconf 88' lang='lat' dir='ltr'><strong>quidem</strong></span> <span class='ocrx_word' id='word_1_152' title='bbox 404 2515 598 2575; x_wconf 77' lang='lat' dir='ltr'><strong>,emendando</strong></span> <span class='ocrx_word' id='word_1_153' title='bbox 625 2536 686 2574; x_wconf 91' lang='lat' dir='ltr'><strong>non</strong></span> <span class='ocrx_word' id='word_1_154' title='bbox 715 2516 835 2575; x_wconf 85' lang='lat' dir='ltr'><strong>felicior</strong></span> <span class='ocrx_word' id='word_1_155' title='bbox 860 2518 919 2575; x_wconf 85' lang='lat' dir='ltr'><strong>fuit</strong></span> <span class='ocrx_word' id='word_1_156' title='bbox 942 2537 1030 2598; x_wconf 90' lang='lat' dir='ltr'><strong>quam</strong></span> <span class='ocrx_word' id='word_1_157' title='bbox 1049 2516 1231 2598; x_wconf 82' lang='lat' dir='ltr'><strong>explicando</strong></span> 
     </span>
     <span class='ocr_line' id='line_1_21' title="bbox 115 2624 1114 2686; baseline -0.008 0"><span class='ocrx_word' id='word_1_158' title='bbox 115 2624 279 2686; x_wconf 89' lang='lat' dir='ltr'><strong>Oeblerus.</strong></span> <span class='ocrx_word' id='word_1_159' title='bbox 350 2628 353 2633; x_wconf 87' lang='grc'><strong>’</strong></span> <span class='ocrx_word' id='word_1_160' title='bbox 1106 2626 1114 2635; x_wconf 81' lang='grc'><strong><em>’</em></strong></span> 
     </span>
    </p>

    <p class='ocr_par' dir='ltr' id='par_1_6' title="bbox 115 2728 1300 4398">
     <span class='ocr_line' id='line_1_22' title="bbox 203 2728 1231 2807; baseline -0.004 -16"><span class='ocrx_word' id='word_1_161' title='bbox 203 2731 255 2792; x_wconf 82' lang='lat' dir='ltr'><strong>Fr.</strong></span> <span class='ocrx_word' id='word_1_162' title='bbox 275 2730 325 2788; x_wconf 87' lang='lat' dir='ltr'><strong>III</strong></span> <span class='ocrx_word' id='word_1_163' title='bbox 352 2728 544 2801; x_wconf 82' lang='lat' dir='ltr'><strong>adversarie,</strong></span> <span class='ocrx_word' id='word_1_164' title='bbox 570 2748 658 2806; x_wconf 86' lang='lat' dir='ltr'><strong>quem</strong></span> <span class='ocrx_word' id='word_1_165' title='bbox 682 2728 867 2805; x_wconf 87' lang='lat' dir='ltr'><strong>significavi,</strong></span> <span class='ocrx_word' id='word_1_166' title='bbox 889 2728 1063 2807; x_wconf 81' lang='lat' dir='ltr'><strong>cynicorum</strong></span> <span class='ocrx_word' id='word_1_167' title='bbox 1085 2728 1231 2788; x_wconf 83' lang='lat' dir='ltr'><strong>attribuo:</strong></span> 
     </span>
     <span class='ocr_line' id='line_1_23' title="bbox 115 2832 1231 2914; baseline -0.005 -16"><span class='ocrx_word' id='word_1_168' title='bbox 115 2846 150 2897; x_wconf 92' lang='lat' dir='ltr'><strong>ut</strong></span> <span class='ocrx_word' id='word_1_169' title='bbox 173 2855 280 2898; x_wconf 89' lang='lat' dir='ltr'><strong>canem</strong></span> <span class='ocrx_word' id='word_1_170' title='bbox 301 2837 367 2911; x_wconf 80' lang='lat' dir='ltr'><strong>sine</strong></span> <span class='ocrx_word' id='word_1_171' title='bbox 392 2833 490 2893; x_wconf 89' lang='lat' dir='ltr'><strong>cauda</strong></span> <span class='ocrx_word' id='word_1_172' title='bbox 519 2832 586 2910; x_wconf 80' lang='lat' dir='ltr'><strong>(vel</strong></span> <span class='ocrx_word' id='word_1_173' title='bbox 606 2833 697 2908; x_wconf 89' lang='lat' dir='ltr'><strong>coda,</strong></span> <span class='ocrx_word' id='word_1_174' title='bbox 722 2834 802 2913; x_wconf 88' lang='lat' dir='ltr'><strong>quod</strong></span> <span class='ocrx_word' id='word_1_175' title='bbox 824 2834 955 2895; x_wconf 89' lang='lat' dir='ltr'><strong>Varroni</strong></span> <span class='ocrx_word' id='word_1_176' title='bbox 972 2835 1104 2914; x_wconf 81' lang='lat' dir='ltr'><strong>placuit:</strong></span> <span class='ocrx_word' id='word_1_177' title='bbox 1127 2835 1172 2894; x_wconf 89' lang='lat' dir='ltr'><strong>cf.</strong></span> <span class='ocrx_word' id='word_1_178' title='bbox 1197 2834 1231 2894; x_wconf 80' lang='lat' dir='ltr'><strong>O.</strong></span> 
     </span>
     <span class='ocr_line' id='line_1_24' title="bbox 115 2940 1231 3031; baseline -0.006 -27"><span class='ocrx_word' id='word_1_179' title='bbox 115 2941 354 3022; x_wconf 75' lang='lat' dir='ltr'><strong>L.·Scbneideri</strong></span> <span class='ocrx_word' id='word_1_180' title='bbox 374 2960 499 3017; x_wconf 84' lang='lat' dir='ltr'><strong>gramm.</strong></span> <span class='ocrx_word' id='word_1_181' title='bbox 516 2940 570 2999; x_wconf 88' lang='lat' dir='ltr'><strong>lat.</strong></span> <span class='ocrx_word' id='word_1_182' title='bbox 586 2942 603 3000; x_wconf 95' lang='lat' dir='ltr'>I</span> <span class='ocrx_word' id='word_1_183' title='bbox 620 2961 650 3018; x_wconf 92' lang='lat' dir='ltr'><strong>p.</strong></span> <span class='ocrx_word' id='word_1_184' title='bbox 667 2952 701 3004; x_wconf 81' lang='lat'><strong>59</strong></span> <span class='ocrx_word' id='word_1_185' title='bbox 714 2940 788 3020; x_wconf 86' lang='lat' dir='ltr'><strong>sq.),</strong></span> <span class='ocrx_word' id='word_1_186' title='bbox 812 2941 856 2998; x_wconf 87' lang='lat' dir='ltr'><strong>sic</strong></span> <span class='ocrx_word' id='word_1_187' title='bbox 870 2941 1057 3031; x_wconf 86' lang='lat' dir='ltr'><strong>Menippum,</strong></span> <span class='ocrx_word' id='word_1_188' title='bbox 1081 2941 1133 3000; x_wconf 91' lang='lat' dir='ltr'><strong>vel</strong></span> <span class='ocrx_word' id='word_1_189' title='bbox 1154 2960 1231 3012; x_wconf 94' lang='lat' dir='ltr'><strong>eum,</strong></span> 
     </span>
     <span class='ocr_line' id='line_1_25' title="bbox 116 3044 1233 3132; baseline -0.005 -22"><span class='ocrx_word' id='word_1_190' title='bbox 116 3070 208 3132; x_wconf 89' lang='lat' dir='ltr'><strong>quem</strong></span> <span class='ocrx_word' id='word_1_191' title='bbox 238 3049 275 3107; x_wconf 86' lang='lat' dir='ltr'><strong>fr.</strong></span> <span class='ocrx_word' id='word_1_192' title='bbox 306 3049 352 3108; x_wconf 90' lang='lat' dir='ltr'><strong>IV</strong></span> <span class='ocrx_word' id='word_1_193' title='bbox 383 3047 534 3118; x_wconf 90' lang='lat' dir='ltr'><strong>nominat,</strong></span> <span class='ocrx_word' id='word_1_194' title='bbox 576 3046 747 3122; x_wconf 85' lang='lat' dir='ltr'><strong>Diogenem</strong></span> <span class='ocrx_word' id='word_1_195' title='bbox 781 3047 846 3106; x_wconf 90' lang='lat' dir='ltr'><strong>sinc</strong></span> <span class='ocrx_word' id='word_1_196' title='bbox 873 3047 937 3106; x_wconf 82' lang='lat' dir='ltr'><strong>ullo·</strong></span> <span class='ocrx_word' id='word_1_197' title='bbox 973 3047 1122 3126; x_wconf 90' lang='lat' dir='ltr'><strong>politioris</strong></span> <span class='ocrx_word' id='word_1_198' title='bbox 1150 3044 1233 3104; x_wconf 89' lang='lat' dir='ltr'><strong>vitae</strong></span> 
     </span>
     <span class='ocr_line' id='line_1_26' title="bbox 117 3151 1300 3231; baseline -0.006 -16"><span class='ocrx_word' id='word_1_199' title='bbox 117 3155 202 3215; x_wconf 89' lang='lat' dir='ltr'><strong>cultu</strong></span> <span class='ocrx_word' id='word_1_200' title='bbox 227 3153 365 3230; x_wconf 85' lang='lat' dir='ltr'><strong>degisse:</strong></span> <span class='ocrx_word' id='word_1_201' title='bbox 392 3153 423 3209; x_wconf 91' lang='lat' dir='ltr'><strong>in</strong></span> <span class='ocrx_word' id='word_1_202' title='bbox 449 3171 507 3230; x_wconf 90' lang='lat' dir='ltr'><strong>quo</strong></span> <span class='ocrx_word' id='word_1_203' title='bbox 530 3152 670 3231; x_wconf 88' lang='lat' dir='ltr'><strong>apposita</strong></span> <span class='ocrx_word' id='word_1_204' title='bbox 692 3151 732 3209; x_wconf 90' lang='lat' dir='ltr'><strong>ad</strong></span> <span class='ocrx_word' id='word_1_205' title='bbox 756 3171 820 3209; x_wconf 89' lang='lat' dir='ltr'><strong>rem</strong></span> <span class='ocrx_word' id='word_1_206' title='bbox 844 3154 926 3211; x_wconf 89' lang='lat' dir='ltr'><strong>canis</strong></span> <span class='ocrx_word' id='word_1_207' title='bbox 950 3154 1115 3231; x_wconf 79' lang='lat' dir='ltr'><strong>appellatio</strong></span> <span class='ocrx_word' id='word_1_208' title='bbox 1138 3152 1232 3209; x_wconf 89' lang='lat' dir='ltr'><strong>nemi·</strong></span> <span class='ocrx_word' id='word_1_209' title='bbox 1292 3216 1300 3223; x_wconf 38' lang='grc'>,</span> 
     </span>
     <span class='ocr_line' id='line_1_27' title="bbox 115 3255 1233 3337; baseline -0.007 -15"><span class='ocrx_word' id='word_1_210' title='bbox 115 3282 188 3322; x_wconf 89' lang='lat' dir='ltr'><strong>nem</strong></span> <span class='ocrx_word' id='word_1_211' title='bbox 209 3261 297 3337; x_wconf 86' lang='lat' dir='ltr'><strong>fugit..</strong></span> <span class='ocrx_word' id='word_1_212' title='bbox 340 3259 392 3318; x_wconf 95' lang='lat' dir='ltr'><strong>Illi</strong></span> <span class='ocrx_word' id='word_1_213' title='bbox 413 3277 487 3318; x_wconf 87' lang='lat' dir='ltr'><strong>vero</strong></span> <span class='ocrx_word' id='word_1_214' title='bbox 511 3255 678 3316; x_wconf 85' lang='lat' dir='ltr'><strong>contradici</strong></span> <span class='ocrx_word' id='word_1_215' title='bbox 700 3255 737 3315; x_wconf 90' lang='lat' dir='ltr'><strong>fr.</strong></span> <span class='ocrx_word' id='word_1_216' title='bbox 759 3258 806 3316; x_wconf 93' lang='lat' dir='ltr'><strong>IV</strong></span> <span class='ocrx_word' id='word_1_217' title='bbox 826 3258 957 3330; x_wconf 90' lang='lat' dir='ltr'><strong>videtur,</strong></span> <span class='ocrx_word' id='word_1_218' title='bbox 979 3260 1151 3335; x_wconf 82' lang='lat' dir='ltr'><strong>Diogenem</strong></span> <span class='ocrx_word' id='word_1_219' title='bbox 1172 3276 1233 3315; x_wconf 91' lang='lat' dir='ltr'><strong>non</strong></span> 
     </span>
     <span class='ocr_line' id='line_1_28' title="bbox 116 3362 1232 3443; baseline -0.007 -15"><span class='ocrx_word' id='word_1_220' title='bbox 116 3371 161 3428; x_wconf 91' lang='lat' dir='ltr'><strong>ita</strong></span> <span class='ocrx_word' id='word_1_221' title='bbox 182 3364 289 3426; x_wconf 88' lang='lat' dir='ltr'><strong>rudem</strong></span> <span class='ocrx_word' id='word_1_222' title='bbox 305 3365 416 3436; x_wconf 86' lang='lat' dir='ltr'><strong>fuisse,</strong></span> <span class='ocrx_word' id='word_1_223' title='bbox 445 3372 478 3422; x_wconf 89' lang='lat' dir='ltr'><strong>ut</strong></span> <span class='ocrx_word' id='word_1_224' title='bbox 503 3382 593 3443; x_wconf 87' lang='lat' dir='ltr'><strong>quem</strong></span> <span class='ocrx_word' id='word_1_225' title='bbox 613 3380 653 3419; x_wconf 86' lang='lat' dir='ltr'><strong>ue</strong></span> <span class='ocrx_word' id='word_1_226' title='bbox 680 3362 830 3421; x_wconf 88' lang='lat' dir='ltr'><strong>bellarum</strong></span> <span class='ocrx_word' id='word_1_227' title='bbox 852 3363 974 3442; x_wconf 89' lang='lat' dir='ltr'><strong>quidem</strong></span> <span class='ocrx_word' id='word_1_228' title='bbox 992 3363 1162 3421; x_wconf 87' lang='lat' dir='ltr'><strong>litterarum</strong></span> <span class='ocrx_word' id='word_1_229' title='bbox 1179 3383 1232 3420; x_wconf 88' lang='lat' dir='ltr'><strong>no-</strong></span> 
     </span>
     <span class='ocr_line' id='line_1_29' title="bbox 116 3466 1233 3548; baseline -0.007 -15"><span class='ocrx_word' id='word_1_230' title='bbox 116 3473 186 3533; x_wconf 88' lang='lat' dir='ltr'><strong>titia</strong></span> <span class='ocrx_word' id='word_1_231' title='bbox 208 3471 366 3532; x_wconf 83' lang='lat' dir='ltr'><strong>deiecerit.</strong></span> <span class='ocrx_word' id='word_1_232' title='bbox 411 3473 460 3530; x_wconf 88' lang='lat' dir='ltr'><strong>De</strong></span> <span class='ocrx_word' id='word_1_233' title='bbox 489 3471 630 3546; x_wconf 85' lang='lat' dir='ltr'><strong>Diogene</strong></span> <span class='ocrx_word' id='word_1_234' title='bbox 659 3476 760 3526; x_wconf 91' lang='lat' dir='ltr'><strong>autem</strong></span> <span class='ocrx_word' id='word_1_235' title='bbox 791 3469 873 3547; x_wconf 89' lang='lat' dir='ltr'><strong>quod</strong></span> <span class='ocrx_word' id='word_1_236' title='bbox 901 3478 932 3528; x_wconf 88' lang='lat' dir='ltr'><strong>et</strong></span> <span class='ocrx_word' id='word_1_237' title='bbox 955 3467 1015 3527; x_wconf 83' lang='lat' dir='ltr'><strong>hoc</strong></span> <span class='ocrx_word' id='word_1_238' title='bbox 1044 3477 1074 3527; x_wconf 85' lang='lat' dir='ltr'><strong>et</strong></span> <span class='ocrx_word' id='word_1_239' title='bbox 1092 3466 1233 3548; x_wconf 90' lang='lat' dir='ltr'><strong>probabi-</strong></span> 
     </span>
     <span class='ocr_line' id='line_1_30' title="bbox 116 3574 1234 3655; baseline -0.008 -16"><span class='ocrx_word' id='word_1_240' title='bbox 116 3580 189 3639; x_wconf 92' lang='lat' dir='ltr'><strong>liter</strong></span> <span class='ocrx_word' id='word_1_241' title='bbox 207 3578 245 3638; x_wconf 84' lang='lat' dir='ltr'><strong>fr.</strong></span> <span class='ocrx_word' id='word_1_242' title='bbox 263 3578 315 3636; x_wconf 93' lang='lat' dir='ltr'><strong>III</strong></span> <span class='ocrx_word' id='word_1_243' title='bbox 330 3578 449 3649; x_wconf 89' lang='lat' dir='ltr'><strong>dicitur,</strong></span> <span class='ocrx_word' id='word_1_244' title='bbox 465 3574 611 3655; x_wconf 88' lang='lat' dir='ltr'><strong>proclivis</strong></span> <span class='ocrx_word' id='word_1_245' title='bbox 628 3580 693 3631; x_wconf 89' lang='lat' dir='ltr'><strong>erat</strong></span> <span class='ocrx_word' id='word_1_246' title='bbox 710 3593 729 3630; x_wconf 93' lang='lat' dir='ltr'><strong>a</strong></span> <span class='ocrx_word' id='word_1_247' title='bbox 744 3574 888 3653; x_wconf 89' lang='lat' dir='ltr'><strong>Menippo</strong></span> <span class='ocrx_word' id='word_1_248' title='bbox 908 3574 946 3634; x_wconf 88' lang='lat' dir='ltr'><strong>ad</strong></span> <span class='ocrx_word' id='word_1_249' title='bbox 962 3583 1116 3634; x_wconf 89' lang='lat' dir='ltr'><strong>auctorem</strong></span> <span class='ocrx_word' id='word_1_250' title='bbox 1130 3581 1234 3631; x_wconf 90' lang='lat' dir='ltr'><strong>sectae</strong></span> 
     </span>
     <span class='ocr_line' id='line_1_31' title="bbox 115 3677 1232 3763; baseline -0.01 -18"><span class='ocrx_word' id='word_1_251' title='bbox 115 3687 306 3763; x_wconf 86' lang='lat' dir='ltr'><strong>Diogenem,</strong></span> <span class='ocrx_word' id='word_1_252' title='bbox 330 3704 366 3743; x_wconf 85' lang='lat' dir='ltr'><strong>ac</strong></span> <span class='ocrx_word' id='word_1_253' title='bbox 388 3685 520 3742; x_wconf 88' lang='lat' dir='ltr'><strong>fortasse</strong></span> <span class='ocrx_word' id='word_1_254' title='bbox 541 3679 579 3739; x_wconf 87' lang='lat' dir='ltr'><strong>ad</strong></span> <span class='ocrx_word' id='word_1_255' title='bbox 604 3699 707 3739; x_wconf 88' lang='lat' dir='ltr'><strong>omnes</strong></span> <span class='ocrx_word' id='word_1_256' title='bbox 730 3681 905 3759; x_wconf 85' lang='lat' dir='ltr'><strong>cynicorum</strong></span> <span class='ocrx_word' id='word_1_257' title='bbox 923 3681 1055 3739; x_wconf 87' lang='lat' dir='ltr'><strong>rationes</strong></span> <span class='ocrx_word' id='word_1_258' title='bbox 1078 3677 1232 3736; x_wconf 83' lang='lat' dir='ltr'><strong>transitus.</strong></span> 
     </span>
     <span class='ocr_line' id='line_1_32' title="bbox 116 3785 1232 3866; baseline -0.013 -12"><span class='ocrx_word' id='word_1_259' title='bbox 116 3796 169 3854; x_wconf 82' lang='lat' dir='ltr'><strong>Fr.</strong></span> <span class='ocrx_word' id='word_1_260' title='bbox 191 3793 238 3853; x_wconf 94' lang='lat' dir='ltr'><strong>IV</strong></span> <span class='ocrx_word' id='word_1_261' title='bbox 262 3811 329 3850; x_wconf 88' lang='lat' dir='ltr'><strong>cum</strong></span> <span class='ocrx_word' id='word_1_262' title='bbox 356 3791 388 3848; x_wconf 90' lang='lat' dir='ltr'><strong>in</strong></span> <span class='ocrx_word' id='word_1_263' title='bbox 415 3788 501 3847; x_wconf 83' lang='lat' dir='ltr'><strong>libris</strong></span> <span class='ocrx_word' id='word_1_264' title='bbox 531 3787 570 3846; x_wconf 89' lang='lat' dir='ltr'><strong>sit</strong></span> <span class='ocrx_word' id='word_1_265' title='bbox 591 3785 751 3865; x_wconf 87' lang='lat' dir='ltr'><strong>utrobique</strong></span> <span class='ocrx_word' id='word_1_266' title='bbox 775 3795 806 3846; x_wconf 88' lang='lat' dir='ltr'><strong>et</strong></span> <span class='ocrx_word' id='word_1_267' title='bbox 822 3808 852 3866; x_wconf 91' lang='lat' dir='ltr'><strong>p.</strong></span> <span class='ocrx_word' id='word_1_268' title='bbox 873 3797 939 3859; x_wconf 75' lang='lat'><strong>231,</strong></span> <span class='ocrx_word' id='word_1_269' title='bbox 962 3798 977 3848; x_wconf 86' lang='lat'><strong>5</strong></span> <span class='ocrx_word' id='word_1_270' title='bbox 1006 3791 1087 3862; x_wconf 91' lang='lat' dir='ltr'><strong>etp.</strong></span> <span class='ocrx_word' id='word_1_271' title='bbox 1110 3791 1177 3855; x_wconf 74' lang='lat'><strong>248,</strong></span> <span class='ocrx_word' id='word_1_272' title='bbox 1203 3794 1232 3845; x_wconf 87' lang='lat' dir='ltr'><strong>ll</strong></span> 
     </span>
     <span class='ocr_line' id='line_1_33' title="bbox 117 3890 1234 3972; baseline -0.008 -14"><span class='ocrx_word' id='word_1_273' title='bbox 117 3904 185 3958; x_wconf 83' lang='lat' dir='ltr'><strong>dum</strong></span> <span class='ocrx_word' id='word_1_274' title='bbox 214 3900 310 3956; x_wconf 79' lang='grc' dir='ltr'><strong>αοίοαί</strong></span> <span class='ocrx_word' id='word_1_275' title='bbox 336 3903 367 3954; x_wconf 88' lang='lat' dir='ltr'><strong>et</strong></span> <span class='ocrx_word' id='word_1_276' title='bbox 393 3914 422 3972; x_wconf 91' lang='lat' dir='ltr'><strong>p.</strong></span> <span class='ocrx_word' id='word_1_277' title='bbox 448 3901 501 3956; x_wconf 74' lang='lat'><strong>248</strong></span> <span class='ocrx_word' id='word_1_278' title='bbox 529 3902 596 3951; x_wconf 83' lang='lat' dir='ltr'><strong>tunc</strong></span> <span class='ocrx_word' id='word_1_279' title='bbox 626 3896 715 3966; x_wconf 83' lang='lat' dir='ltr'><strong>quod,</strong></span> <span class='ocrx_word' id='word_1_280' title='bbox 751 3894 855 3950; x_wconf 87' lang='lat' dir='ltr'><strong>nescio</strong></span> <span class='ocrx_word' id='word_1_281' title='bbox 885 3914 923 3951; x_wconf 89' lang='lat' dir='ltr'><strong>an</strong></span> <span class='ocrx_word' id='word_1_282' title='bbox 943 3890 1023 3950; x_wconf 91' lang='lat' dir='ltr'><strong>Iunii</strong></span> <span class='ocrx_word' id='word_1_283' title='bbox 1042 3891 1234 3969; x_wconf 88' lang='lat' dir='ltr'><strong>Mercerique</strong></span> 
     </span>
     <span class='ocr_line' id='line_1_34' title="bbox 118 3999 1237 4077; baseline -0.011 -13"><span class='ocrx_word' id='word_1_284' title='bbox 118 4002 301 4064; x_wconf 88' lang='lat' dir='ltr'><strong>correctioni</strong></span> <span class='ocrx_word' id='word_1_285' title='bbox 334 4011 393 4060; x_wconf 84' lang='lat' dir='ltr'><strong>tum</strong></span> <span class='ocrx_word' id='word_1_286' title='bbox 422 4032 465 4042; x_wconf 86' lang='lat'><em>-</em></span> <span class='ocrx_word' id='word_1_287' title='bbox 493 4008 552 4058; x_wconf 80' lang='lat' dir='ltr'><strong>tum</strong></span> <span class='ocrx_word' id='word_1_288' title='bbox 582 4006 719 4077; x_wconf 89' lang='lat' dir='ltr'><strong>praestet</strong></span> <span class='ocrx_word' id='word_1_289' title='bbox 751 4017 815 4056; x_wconf 81' lang='lat' dir='ltr'><strong>cum</strong></span> <span class='ocrx_word' id='word_1_290' title='bbox 848 4002 943 4056; x_wconf 78' lang='lat' dir='ltr'><strong>usioni</strong></span> <span class='ocrx_word' id='word_1_291' title='bbox 970 4028 1012 4037; x_wconf 84' lang='lat'>—</span> <span class='ocrx_word' id='word_1_292' title='bbox 1043 4005 1111 4053; x_wconf 84' lang='lat' dir='ltr'><strong>tune</strong></span> <span class='ocrx_word' id='word_1_293' title='bbox 1144 3999 1237 4069; x_wconf 81' lang='lat' dir='ltr'><strong>quod.-</strong></span> 
     </span>
     <span class='ocr_line' id='line_1_35' title="bbox 118 4099 1235 4190; baseline -0.009 -22"><span class='ocrx_word' id='word_1_294' title='bbox 118 4128 195 4190; x_wconf 86' lang='lat' dir='ltr'><strong>quas</strong></span> <span class='ocrx_word' id='word_1_295' title='bbox 222 4107 364 4183; x_wconf 87' lang='lat' dir='ltr'><strong>coniungi</strong></span> <span class='ocrx_word' id='word_1_296' title='bbox 397 4104 526 4165; x_wconf 90' lang='lat' dir='ltr'><strong>subinde</strong></span> <span class='ocrx_word' id='word_1_297' title='bbox 554 4105 721 4184; x_wconf 87' lang='lat' dir='ltr'><strong>particulas</strong></span> <span class='ocrx_word' id='word_1_298' title='bbox 746 4102 960 4162; x_wconf 84' lang='lat' dir='ltr'><strong>Lachmannus</strong></span> <span class='ocrx_word' id='word_1_299' title='bbox 990 4101 1029 4160; x_wconf 88' lang='lat' dir='ltr'><strong>ad</strong></span> <span class='ocrx_word' id='word_1_300' title='bbox 1057 4100 1192 4159; x_wconf 87' lang='lat' dir='ltr'><strong>Lucretii</strong></span> <span class='ocrx_word' id='word_1_301' title='bbox 1217 4099 1235 4158; x_wconf 92' lang='lat' dir='ltr'>I</span> 
     </span>
     <span class='ocr_line' id='line_1_36' title="bbox 121 4209 1237 4291; baseline -0.016 -12"><span class='ocrx_word' id='word_1_302' title='bbox 121 4224 172 4278; x_wconf 80' lang='grc'><strong>130</strong></span> <span class='ocrx_word' id='word_1_303' title='bbox 193 4211 341 4291; x_wconf 83' lang='lat' dir='ltr'><strong>exemplis</strong></span> <span class='ocrx_word' id='word_1_304' title='bbox 361 4211 512 4291; x_wconf 89' lang='lat' dir='ltr'><strong>probavit.</strong></span> <span class='ocrx_word' id='word_1_305' title='bbox 552 4210 733 4272; x_wconf 86' lang='lat' dir='ltr'><strong>Gerlachius</strong></span> <span class='ocrx_word' id='word_1_306' title='bbox 756 4209 878 4289; x_wconf 90' lang='lat' dir='ltr'><strong>quidem</strong></span> <span class='ocrx_word' id='word_1_307' title='bbox 899 4228 966 4266; x_wconf 84' lang='lat' dir='ltr'><strong>cum</strong></span> <span class='ocrx_word' id='word_1_308' title='bbox 986 4210 1103 4265; x_wconf 74' lang='lat' dir='ltr'><strong>vindam</strong></span> <span class='ocrx_word' id='word_1_309' title='bbox 1118 4209 1237 4278; x_wconf 79' lang='lat' dir='ltr'><strong>pusioni</strong></span> 
     </span>
     <span class='ocr_line' id='line_1_37' title="bbox 118 4300 1234 4398; baseline -0.013 -19"><span class='ocrx_word' id='word_1_310' title='bbox 118 4318 227 4398; x_wconf 88' lang='lat' dir='ltr'><strong>reponi</strong></span> <span class='ocrx_word' id='word_1_311' title='bbox 250 4300 388 4389; x_wconf 78' lang='lat' dir='ltr'><strong>suadeat,</strong></span> <span class='ocrx_word' id='word_1_312' title='bbox 412 4315 517 4374; x_wconf 89' lang='lat' dir='ltr'><strong>videat</strong></span> <span class='ocrx_word' id='word_1_313' title='bbox 538 4317 603 4395; x_wconf 89' lang='lat' dir='ltr'><strong>ipse</strong></span> <span class='ocrx_word' id='word_1_314' title='bbox 625 4335 685 4395; x_wconf 89' lang='lat' dir='ltr'><strong>quo</strong></span> <span class='ocrx_word' id='word_1_315' title='bbox 708 4314 796 4372; x_wconf 91' lang='lat' dir='ltr'><strong>modo</strong></span> <span class='ocrx_word' id='word_1_316' title='bbox 817 4313 936 4392; x_wconf 89' lang='lat' dir='ltr'><strong>reliqua</strong></span> <span class='ocrx_word' id='word_1_317' title='bbox 958 4312 1140 4372; x_wconf 86' lang='lat' dir='ltr'><strong>conveniant</strong></span> <span class='ocrx_word' id='word_1_318' title='bbox 1161 4329 1234 4392; x_wconf 84' lang='lat' dir='ltr'><strong>quo·</strong></span> 
     </span>
    </p>
   </div>
   <div class='ocr_carea' id='block_1_6' title="bbox 0 0 1394 4890">
    <p class='ocr_par' dir='ltr' id='par_1_7' title="bbox 0 0 1394 4890">
     <span class='ocr_line' id='line_1_38' title="bbox 0 0 1394 4890; baseline 0 0"><span class='ocrx_word' id='word_1_319' title='bbox 0 0 1394 4890; x_wconf 95' lang='lat' dir='ltr'><strong> </strong></span> 
     </span>
    </p>
   </div>
  </div>
 </body>
</html>
