2760 4890
151 313 190 373 11
352 390 358 401 ¹
578 316 836 375 conmortuus.

147 483 235 549 Haec
257 483 353 554 enim,
377 501 455 562 quae
478 483 636 561 pulchrum
656 485 883 563 paroemiaoum
904 484 1049 557 efficiunt,

469 625 558 680 saper
580 610 749 681 amphitapa
772 611 841 666 heae
863 611 941 667 molti

71 818 76 834 ,
147 740 282 800 delibata
298 739 335 798 de
354 743 533 821 nescioquo
555 748 647 820 poeta
661 741 797 819 pedestri
820 744 948 802 orationi
964 743 1146 804 adhaerent:
1171 767 1266 825 quarn

145 849 311 927 praemisso
337 852 433 907 tabeat
461 847 512 906 vel
541 846 631 904 simili
660 848 809 923 integram
838 857 987 928 praestes.
1034 849 1125 909 Certe
1148 852 1266 911 Kochii

146 956 304 1013 artificium
324 955 440 1013 irritum
463 961 524 1024 cst,
549 953 599 1029 qui
624 952 821 1030 quaeVarro
843 955 1084 1014 restauratione
1108 957 1265 1031 extulerit,

146 1081 183 1118 ea
201 1081 219 1118 a
240 1060 339 1118 Nonio
359 1059 391 1117 in
411 1056 565 1136 obliquam
581 1056 702 1115 deflexa
721 1056 899 1131 arbitratus,
920 1059 998 1118 haee
1014 1069 1168 1142 tamquam
1183 1065 1264 1124 Var-

144 1167 229 1224 ronia
252 1163 444 1224 commendat
463 1163 494 1221 in
518 1162 786 1222 exercitationibus
808 1164 921 1223 criticis
943 1186 973 1244 p.
997 1174 1048 1229 26:

753 1303 827 1357 ariter
846 1303 915 1357 heae

295 1408 437 1481 Acceptas
457 1409 561 1465 dormit
581 1423 669 1478 saper
690 1408 859 1490 amphitapa
881 1409 949 1464 heae
971 1413 1055 1466 molti.

143 1543 248 1620 Longe
272 1543 351 1601 enim
375 1542 479 1620 dispar
501 1549 548 1600 est
570 1540 635 1599 eius
659 1541 899 1600 commutationis
923 1543 1109 1621 exemplum,
1142 1544 1263 1625 dequo

143 1648 356 1707 Lachmannus
390 1649 422 1706 in
452 1645 609 1706 Welckeri
638 1667 714 1706 mus.
737 1649 836 1707 Rhen.
866 1648 912 1707 VI
941 1669 971 1727 p.
1003 1657 1050 1712 117
1081 1649 1262 1730 disputavit.

142 1754 230 1812 Haec
251 1762 352 1812 autem
374 1763 512 1814 veterum
533 1759 692 1833 poetarum
712 1755 838 1812 imitatio
862 1753 943 1832 apud
962 1757 1131 1814 Varronem
1153 1758 1179 1815 si
1198 1778 1264 1816 non

143 1869 272 1939 semper
291 1869 322 1919 at
348 1882 573 1940 nonnumquam
601 1880 667 1918 eam
696 1860 757 1919 vim
785 1860 906 1920 videtur
933 1861 1093 1934 habuisse,
1124 1882 1185 1941 qua
1207 1863 1262 1922 ille

143 1966 220 2024 alter
238 1968 421 2047 Menippeae
444 1967 580 2025 haeresis
603 1973 749 2040 sectator,
778 1967 949 2039 LucianUS,
978 1967 1105 2026 Homeri
1128 1969 1262 2026 maximo

142 2080 172 2130 et
194 2072 319 2132 aliorum
339 2093 447 2132 versus
472 2070 620 2154 παρῳδεῖς
650 2093 690 2131 ne
715 2071 788 2152 quid
816 2073 914 2131 dicam
938 2073 975 2132 de
998 2074 1182 2150 tragicorum
1204 2095 1260 2153 pa-

141 2179 234 2238 rodiis
259 2180 340 2259 apud
363 2181 493 2239 comicos
516 2181 680 2239 Romanos.
804 2248 809 2261 ι

225 2286 276 2344 Fr.
292 2287 340 2358 X,
366 2285 448 2365 quod
467 2286 654 2365 respondere
670 2306 749 2345 nono
767 2285 844 2358 dixi,
868 2284 962 2344 habet
985 2287 1147 2346 manifesta
1167 2291 1260 2346 metri

140 2393 286 2468 vestigia,
319 2411 398 2470 quae
420 2392 622 2471 recuperandi
646 2412 754 2452 versus
776 2391 876 2450 studia
899 2392 1011 2452 elicere
1032 2391 1158 2469 possint.
1204 2392 1258 2452 Sic

139 2498 242 2555 nescio
266 2517 305 2555 an
325 2517 386 2556 non
406 2497 622 2575 improbabiles
643 2496 805 2557 videantur
825 2497 857 2555 hi
880 2498 1059 2577 septenarii:

290 2635 398 2705 Nempe
421 2631 478 2710 [a]
500 2651 567 2691 saes
587 2634 730 2692 sitaitieos
751 2637 780 2690 ia
802 2635 942 2691 montibus
963 2633 1085 2692 sectaris

297 2740 439 2797 Venabula
460 2747 511 2796 aat
529 2742 629 2798 aeraria
650 2745 700 2814 qai
720 2743 770 2798 tibi
790 2741 953 2826 aiiii-mati
970 2741 1106 2815 fecerant

298 2849 420 2903 Veritas,

136 2962 173 3020 In
194 2964 289 3041 primo
311 2983 403 3022 versu
424 2974 454 3021 ta
473 2964 603 3035 inserui,
628 2962 708 3042 quod
727 2972 761 3021 ut
779 2963 870 3021 facile
891 2961 1073 3023 intercidere
1096 2970 1166 3020 ante
1187 2981 1256 3021 saes

44 3051 46 3056 .
136 3071 248 3147 potuit,
278 3072 321 3128 ita
347 3067 470 3126 mirifice
497 3069 595 3146 ipsam
623 3070 685 3129 vim
713 3070 885 3129 sententiae
914 3076 1015 3144 auget.
1061 3070 1110 3127 De
1140 3087 1253 3142 rtempe,

137 3173 217 3253 quod
238 3174 444 3254 pyrrhichium
464 3183 591 3255 aequat,
614 3175 686 3234 vide
707 3175 870 3234 Ritsclrelii
892 3172 1110 3252 prolegomena
1132 3176 1163 3233 in
1182 3176 1253 3233 Tri·

135 3300 287 3338 nummum
315 3280 418 3340 Plauti
442 3302 472 3359 p.
504 3280 654 3340 CXXXI.
704 3280 907 3340 insecundo
943 3278 1024 3358 quod
1055 3282 1145 3339 tertia
1176 3280 1253 3339 sede

135 3385 320 3464 spondaicae
347 3388 432 3446 vocis
463 3407 562 3448 aereos
586 3388 686 3447 finalis
713 3397 842 3447 accentu
870 3388 1047 3464 insignitur,
1081 3372 1157 3443 nulli
1181 3406 1252 3445 esse

134 3492 165 3550 in
183 3493 229 3551 his
245 3493 383 3552 versibus
401 3495 559 3553 offensioni
577 3504 710 3554 constat:
735 3496 775 3554 cf.
791 3495 957 3554 Kraussius
972 3512 1043 3553 nov.
1059 3510 1136 3549 mus.
1148 3491 1250 3553 Rhen.

133 3598 212 3656 VIII
225 3619 255 3676 p.
270 3610 330 3664 553.
346 3600 507 3661 Geminum
520 3601 691 3679 exemplum
703 3603 926 3661 Varronianum
941 3610 987 3659 est
1004 3607 1162 3656 Eaaunoms
1179 3599 1217 3658 fr.
1236 3611 1249 3662 1

283 3738 340 3795 Aat
357 3739 483 3813 fripidos
504 3740 611 3796 aimho's
634 3755 728 3812 rrqecae
750 3741 898 3795 audaciter
923 3738 1042 3794 rae'atis.

131 3869 198 3928 Noc
219 3870 406 3932 haerendum
427 3875 458 3932 in
480 3875 607 3953 septimo
629 3872 724 3952 pede,
756 3874 807 3952 qui
829 3873 861 3931 in
882 3870 942 3931 illis
966 3870 1083 3929 duobus
1105 3871 1249 3930 versibus

131 3976 265 4055 spondeo
288 3979 472 4039 continetur:
497 3980 578 4062 quod
597 3988 630 4039 ut
651 3980 806 4040 veteribus
820 3962 975 4038 ‘scaenicis
995 3976 1154 4055 probatum
1178 3979 1247 4051 fuit,

129 4083 172 4140 ita
191 4084 222 4141 in
239 4103 276 4143 ea
293 4104 326 4143 re
341 4084 379 4143 ab
397 4087 520 4145 illorum
536 4106 593 4145 usu
610 4106 671 4144 non
691 4083 855 4144 deflectere
871 4087 1040 4144 Varronem
1058 4083 1142 4156 aliis,
1165 4104 1246 4162 quae

128 4208 183 4265 per
204 4190 282 4249 hano
300 4191 535 4270 disputationem
553 4191 722 4272 proferam,
747 4191 895 4270 exemplis
913 4191 1100 4250 convincam.
1142 4187 1246 4246 Alteri

127 4298 229 4355 versui
249 4299 348 4377 possis
371 4319 478 4377 purum
500 4297 634 4355 lamburn
657 4299 687 4356 in
711 4317 839 4357 caesura
860 4299 904 4356 ita
926 4297 1092 4373 refingere:
