2760 4890
566 346 824 396 comesurum.
1214 337 1255 399 67

135 503 261 585 quidem
285 525 332 580 ea,
357 525 436 586 quae
457 525 539 565 nnnc
561 504 658 579 abest,
680 514 842 565 venustate
865 507 954 564 matri
972 507 1061 566 istam
1083 507 1175 567 facile
1195 507 1255 567 fer·

134 632 200 671 rem
222 613 499 692 transpositionem,
523 632 584 694 qua
604 614 709 671 nativa
725 612 805 671 haee
821 622 852 671 et
867 613 996 692 simplex
1010 613 1173 674 verborum
1191 615 1251 673 col-

134 717 247 777 locatio
269 722 366 793 itaque
388 723 468 779 brevi
484 731 610 795 tempore
632 741 737 797 mayoc
751 737 827 794 pers
847 719 942 778 fucati
966 722 1055 780 metri
1074 724 1173 799 gratia
1194 731 1254 781 tur·

130 822 234 883 batur.
278 824 349 883 Hoc
370 826 507 901 incaute,
530 827 605 887 illud
627 828 705 887 adeo
727 836 842 886 temere
864 825 1034 884 institutum
1057 826 1141 900 dico,
1172 827 1254 908 quod

133 934 265 989 serviebat
293 932 503 1011 imperfectum
537 935 568 992 in
597 933 768 1013 praesentis
795 932 920 989 formam
946 939 1092 991 mutatur:
1117 935 1183 1012 quis
1208 943 1255 992 est

135 1036 225 1109 enim,
248 1038 301 1116 qui
323 1046 458 1117 praestet
479 1038 580 1112 hodie,
603 1061 664 1098 non
685 1037 891 1098 necessariam
916 1034 986 1095 olim
1008 1038 1038 1096 in
1061 1059 1115 1097 sno
1136 1058 1253 1098 conexu

134 1144 233 1221 ipsam
261 1145 420 1223 praeteriti
442 1145 569 1204 formam
592 1144 709 1205 fuisse?
752 1145 925 1204 Peccarunt
948 1144 979 1201 in
1001 1143 1058 1203 hoc
1081 1164 1195 1222 genere
1217 1145 1252 1204 li·

135 1248 228 1308 brarii
256 1251 349 1309 Nonii
377 1252 513 1330 saepius:
547 1252 654 1325 audio,
690 1270 872 1334 quamquam
902 1269 941 1308 ne
971 1249 1030 1308 hoc
1060 1250 1182 1330 quidem
1216 1251 1253 1307 iis

135 1356 245 1437 quibus
269 1358 428 1437 Roeperns
450 1357 543 1416 utitur
571 1359 717 1439 exemplis
742 1364 869 1417 constat.
899 1356 978 1415 Nam
995 1355 1076 1435 quod
1100 1363 1252 1413 lnnorvnoc

135 1464 172 1523 fr.
193 1473 211 1525 2
231 1468 414 1540 Apollonium
435 1467 498 1523 ideo
520 1470 684 1537 excoriant,
709 1469 777 1541 quin
799 1466 872 1522 nibil
891 1466 1012 1522 arctabat
1033 1463 1154 1521 senaria
1169 1482 1252 1521 men·

136 1588 207 1629 sura
227 1568 391 1629 describit:

287 1708 468 1781 Apollonium
490 1712 553 1767 ideo
575 1711 732 1767 excoriant
760 1711 828 1780 qraein
852 1707 894 1766 nil
915 1710 1007 1777 babet,

135 1857 254 1919 videtur
274 1861 432 1938 praesenti
452 1862 538 1919 babet
559 1862 664 1919 favere
684 1859 812 1918 alterum
830 1863 986 1917 excoriant
1009 1877 1170 1936 praesens:
1193 1878 1250 1916 nec

101 2010 110 2033 s
136 1972 237 2023 nmen
253 1963 307 2023 vel
328 1963 379 2023 hic
402 1965 594 2026 desideratur
617 1968 711 2038 ratio,
741 1984 801 2045 qua
830 1964 900 2022 huic
922 1963 1065 2022 historico
1089 1963 1170 2042 qnod
1197 1985 1250 2022 vo·

137 2079 205 2129 cant
231 2063 389 2149 praesenti
413 2070 659 2131 accommodetur
687 2069 893 2149 praeteritum.
937 2069 1036 2128 Metro
1060 2076 1160 2128 autem
1183 2089 1251 2127 cum

136 2196 193 2235 non
218 2194 281 2236 uno
305 2176 394 2236 modo
417 2178 557 2236 satisfieri
575 2178 686 2256 possit,
708 2175 812 2234 nescio
833 2194 872 2232 an
895 2173 1029 2254 Resperi
1048 2175 1166 2233 senario
1191 2195 1252 2233 non

137 2279 269 2341 deterior
291 2283 331 2341 sit
352 2281 402 2342 hic
423 2285 612 2362 septenarius
633 2281 684 2341 vel
707 2281 895 2338 octonarius:

286 2421 467 2493 Apollonium
487 2422 550 2479 ideo
572 2421 736 2487 ascetriam,
760 2421 827 2492 quin
849 2416 922 2474 nz'lril
939 2418 1060 2473 trahebat
1084 2461 1090 2472 .
1115 2460 1120 2472 .

136 2553 208 2627 nisi,
236 2573 298 2633 qno
325 2553 400 2614 nihil
429 2555 470 2615 ad
496 2575 603 2617 versus
632 2554 837 2630 integritatem
860 2551 1065 2625 desideretur,
1084 2552 1251 2611 trimetrum

136 2658 418 2738 hypercatalectum
439 2668 574 2720 statuere
596 2636 689 2733 velis,
720 2658 802 2738 qrrod
824 2678 921 2735 genus
940 2677 1083 2716 versuum
1105 2659 1250 2735 attingam

135 2766 221 2825 infra.
266 2768 316 2827 De
337 2786 480 2827 mensura
493 2768 622 2827 nominis
638 2770 783 2842 Apollonii
801 2765 839 2824 cf.
856 2763 1042 2824 Ritschclius
1060 2765 1091 2822 in
1110 2764 1249 2841 prolego-

135 2871 228 2931 menis
242 2892 275 2952 p.
292 2888 434 2935 cxxxvn.
473 2880 682 2932 Kocrorornnnc
705 2863 805 2931 autem
821 2874 857 2932 fr.
877 2883 890 2934 1
908 2876 1025 2947 Frypio,
1049 2873 1099 2943 qui
1112 2873 1251 2942 pulvinar

131 2986 246 3049 poterat
264 2980 393 3053 pinpere,
417 2982 506 3036 soliar
528 2982 673 3053 deotpebot
696 2978 777 3059 quod
798 2978 956 3057 Roeperus
976 2978 1017 3034 ita
1042 2973 1201 3033 describit:

281 3103 404 3189 pbry'pio
428 3117 478 3189 qui
491 3115 632 3189 pulvinar
649 3123 766 3189 poterut
785 3115 916 3188 pomero,
939 3117 1028 3172 solim·
1048 3111 1176 3185 lste'or'pet,

133 3265 289 3324 immemor
315 3264 374 3324 fuit
400 3268 558 3346 praecepti
585 3267 826 3328 Lachmanniani
855 3265 893 3324 ad
914 3265 1050 3323 Lucretii
1069 3264 1103 3322 H
1123 3270 1175 3325 719
1197 3282 1249 3320 vo·
1312 3341 1318 3352 '

132 3368 242 3429 cabula
264 3370 420 3451 dactylica
443 3371 582 3430 trochaei
607 3373 675 3430 loco
701 3374 732 3431 in
755 3392 847 3432 versu
869 3371 940 3450 poni
963 3391 1024 3428 non
1044 3367 1171 3440 debere,
1202 3368 1250 3424 cni

132 3475 211 3535 idem
240 3475 322 3547 alibi,
357 3495 541 3555 quamquam
570 3494 631 3536 non
658 3479 723 3537 sine
755 3476 941 3537 dubitatione
969 3474 1007 3534 de
1031 3475 1161 3532 veritate
1185 3472 1249 3530 eins

131 3583 298 3662 praecepti,
315 3581 550 3644 obsecundavit:
578 3584 617 3643 cf.
632 3582 784 3660 Philologi
801 3583 850 3642 IX
863 3604 893 3662 p.
907 3591 960 3645 ⁶269
978 3590 1008 3640 ct
1020 3604 1049 3660 p.
1062 3587 1123 3642 eto.
1150 3578 1249 3639 Video

131 3688 223 3747 etiam
244 3687 445 3749 Ritschelium
466 3691 498 3750 in
518 3710 597 3750 novo
618 3708 721 3747 museo
744 3689 893 3748 erenano
909 3687 989 3748 VIII
1003 3707 1033 3765 p.
1053 3694 1101 3748 159
1117 3685 1145 3743 ei
1160 3704 1248 3764 prae-

131 3802 238 3873 cepto,
266 3793 348 3873 quod
373 3816 435 3855 non
457 3796 496 3856 de
518 3795 612 3855 nihilo
633 3814 701 3855 esse
724 3796 873 3872 agnoscit,
897 3802 1081 3852 nontamen
1104 3791 1248 3870 simplici·

130 3908 177 3959 tor
205 3898 410 3963 subscribere.
454 3904 523 3963 Neo
550 3904 582 3961 in
610 3900 747 3960 omnibus
769 3900 892 3980 quidem
914 3899 1111 3959 Lachmanno
1133 3898 1247 3957 obtem-

130 4007 253 4084 paravit
271 4006 494 4066 Fleckeisenus
513 4007 545 4065 in
566 4007 729 4065 Terentio:
749 4007 788 4066 cf.
811 4008 870 4066 Ad.
894 4016 943 4071 971
969 4005 1010 4084 (V
1032 4017 1059 4078 9,
1084 4003 1140 4083 ll).
1168 4005 1247 4062 Hee.

131 4121 184 4175 38⁰
211 4110 276 4191 (III
303 4121 335 4184 ὃ,
361 4110 409 4189 ao)
439 4111 478 4170 al.
529 4111 632 4190 Atque
668 4113 698 4170 in
729 4112 776 4169 his
804 4113 1002 4173 Varronianis
1032 4128 1097 4168 cum
1127 4116 1248 4166 saturae

128 4224 181 4275 lou
200 4224 310 4277 Hermo
328 4224 365 4274 To
385 4223 503 4277 Halanos
528 4218 563 4276 fr.
587 4228 604 4279 1
625 4227 721 4277 metro
743 4227 921 4296 conceptum
941 4217 1163 4291 intellegerem,
1187 4233 1247 4270 non

129 4326 216 4405 potui
236 4334 340 4385 umen
359 4322 544 4405 dactylicam
565 4344 673 4384 vocem
694 4345 749 4403 pro
772 4325 915 4382 trochaeo
937 4323 1088 4381 devitarc:

1000 4421 1044 4478 5*
