2760 4890
162 337 222 398 150
406 393 414 401 .
589 348 845 397 commorasse.

161 527 220 589 que
242 509 307 566 iure
324 508 416 567 Nonii
435 507 637 566 testimonium
660 507 846 584 neglexerit,
868 507 921 585 qui
941 526 971 584 p.
992 514 1041 569 231
1064 514 1191 585 propter
1212 525 1282 565 usas

160 614 286 672 formam
308 615 482 673 femininam
504 613 558 672 illo
580 614 751 672 testimonio
772 614 873 672 utitur.
930 657 936 672 ,

244 720 296 780 Ad
313 719 404 793 idem,
428 719 509 778 unde
523 719 577 778 ille
593 727 713 798 sumpta
727 718 880 790 videntur,
900 715 1057 777 exordium
1073 726 1197 778 saturae
1211 739 1280 798 per-

159 827 235 886 tinet
258 827 389 907 denique
408 826 467 885 hoc
488 825 570 906 quod
592 844 685 903 supra
706 824 794 900 tetigi
814 825 1034 900 fragmentum:

184 1017 187 1022 .
245 962 273 1020 V
295 959 336 1040 (5)
364 963 401 1018 In
423 970 521 1020 carteo
544 963 637 1018 stadio
663 948 820 1034 ἐπιτάφιον
842 947 945 1035 ἀγῶνα
968 977 1038 1033 apa:
1067 977 1123 1032 qao
1145 962 1198 1032 qai
1217 976 1280 1016 cer-

159 1073 242 1126 tassit
263 1072 358 1126 animo
380 1070 470 1125 bellas
492 1069 588 1135 bomo,
621 1069 711 1140 masis
733 1069 890 1124 delectatas
915 1069 953 1123 sit
975 1068 1130 1123 stoicorum
1150 1083 1281 1151 pancra-

161 1179 198 1233 tio
221 1194 306 1249 arcam
333 1176 514 1232 athletarum.

246 1309 370 1368 Urbane
394 1308 538 1380 chartam,
561 1327 622 1387 qua
642 1305 722 1364 hanc
744 1307 968 1386 perscripturus
987 1294 1122 1364 saturam
1140 1313 1197 1379 est,
1221 1316 1281 1364 sta-

159 1419 237 1473 dium
258 1417 406 1472 cbartcam
430 1412 577 1492 appellet,
602 1431 660 1493 quo
680 1431 766 1469 suum
788 1411 874 1470 illum
895 1411 1040 1490 Menippo
1059 1410 1194 1470 dicatum
1216 1407 1281 1470 ἐπι-

160 1510 269 1592 τάφιον
302 1506 402 1596 dyoiva
436 1529 574 1597 peragat.
624 1519 665 1576 Et
704 1525 775 1595 apte
803 1516 843 1576 ad
876 1516 956 1575 hanc
991 1536 1056 1581 rem
1089 1519 1283 1596 pancratium

162 1622 235 1682 dicit
256 1644 317 1681 non
339 1622 530 1695 athletarum,
554 1623 608 1682 sed
632 1643 744 1696 corum,
768 1643 844 1703 quos
866 1643 885 1682 a
908 1622 1025 1702 cynicis
1043 1624 1147 1682 tunica
1164 1624 1280 1684 distan-

160 1741 208 1790 tes
228 1729 384 1789 Iuvcnalis
404 1728 478 1787 dicit
500 1729 583 1789 XIII
602 1738 660 1801 122,
684 1730 855 1788 stoicorum.
892 1727 984 1806 Quod
1005 1727 1036 1787 in
1052 1730 1281 1809 exemplaribus
1302 1746 1307 1752 “

160 1835 252 1895 Nonii
276 1834 388 1911 legitur
410 1857 440 1914 p.
463 1843 530 1907 248,
555 1844 588 1896 12
608 1839 745 1908 epitafion
767 1856 854 1911 apoc,
883 1854 938 1909 qao
961 1837 1025 1909 qais
1047 1843 1187 1894 certasset
1210 1857 1280 1916 par-

161 1943 215 2000 tim
232 1940 392 2001 Turnebus
416 1948 446 2000 et
468 1940 626 2015 Barthius,
655 1941 766 2018 partim
788 1939 969 2001 Gerlachius
990 1948 1198 2001 correxerunt.
1231 1945 1280 2001 dc-

160 2052 281 2106 lectctas
306 2051 344 2105 sit
369 2067 426 2125 ego
454 2047 600 2106 restituiz'
624 2042 694 2105 libri
722 2050 893 2117 delectatas,
922 2067 977 2126 pro
1004 2067 1063 2127 quo
1094 2046 1281 2106 Gerlachius

160 2149 319 2210 delectatur
339 2151 547 2232 reponendum
571 2152 711 2211 coniecit.

245 2258 311 2316 Iam
334 2256 373 2316 ad
387 2259 485 2338 ipsam
500 2257 672 2316 accedimus
690 2256 936 2337 disputationem,
960 2279 1039 2341 quac
1055 2259 1144 2338 quasi
1160 2258 1280 2319 duobus

93 2399 95 2402 -
160 2363 296 2423 terminis
323 2365 366 2423 ita
386 2362 595 2440 distinguitur,
625 2372 658 2422 ut
678 2363 790 2443 partim
813 2363 893 2423 domi
919 2365 998 2424 inter
1020 2385 1144 2440 cenam,
1168 2369 1281 2446 partim

160 2470 191 2527 in
218 2470 270 2528 via
294 2470 373 2528 inter
404 2469 619 2528 ambulandum
646 2477 775 2548 peracta
796 2470 946 2532 videatur.
992 2472 1174 2532 Oonvivium
1196 2493 1279 2533 com·

160 2574 248 2652 plura
270 2574 441 2651 fragmenta
461 2574 597 2633 referunt
626 2574 695 2652 (VI.
719 2576 792 2636 VH.
814 2576 929 2656 VIII):
958 2579 990 2636 in
1010 2598 1070 2656 quo
1090 2581 1212 2658 pertesi
1233 2582 1279 2640 in-

161 2677 303 2736 choatum
329 2679 360 2735 in
388 2679 439 2737 via
465 2680 645 2739 narrationis
675 2680 761 2740 filum
789 2702 827 2741 ex
855 2683 914 2742 hac
942 2685 1096 2744 sententia
1124 2685 1280 2764 colligitur

162 2782 236 2860 (IX)
263 2784 345 2852 Quod
371 2801 509 2855 coeperas
536 2789 616 2845 moda
643 2790 673 2844 ia
702 2791 761 2858 cia,
788 2809 882 2847 narra
910 2799 941 2849 at
961 2796 1000 2850 ad
1020 2797 1155 2852 exodium
1175 2797 1278 2853 dacus.

160 2887 228 2946 Nec
249 2895 351 2945 tamen
371 2889 445 2947 licet
465 2889 552 2949 nobis
572 2892 790 2968 internoscere,
813 2904 882 2956 utra
904 2919 976 2978 pars
998 2898 1195 2979 reliquiarum
1216 2920 1279 2960 am·

160 2992 307 3051 bulationi
327 2992 382 3065 illi,
405 3014 423 3053 a
444 2997 559 3056 tumulo
581 2998 719 3079 Menippi
739 3001 845 3079 opinor
869 3002 989 3064 domum
1007 3006 1120 3079 factae,
1144 3017 1212 3066 utra
1233 3016 1279 3066 at-

160 3097 250 3156 tribui
278 3099 417 3160 convivio
447 3101 568 3162 debeat.
612 3105 708 3164 Immo
738 3125 806 3164 cum
835 3108 997 3190 deinceps,
1025 3122 1058 3172 ut
1087 3115 1118 3173 in
1137 3135 1278 3174 sermone

160 3205 319 3280 familiari,
349 3208 518 3287 complures
545 3213 691 3271 materiae
715 3212 904 3292 disceptatae
925 3217 1054 3294 fuerint,
1077 3243 1117 3281 ne
1140 3221 1279 3281 ordinem

160 3311 283 3391 quidem
301 3333 412 3389 earum,
436 3317 488 3396 qui
511 3317 582 3375 olim
605 3319 707 3391 fuerit,
731 3319 868 3382 definias.
905 3323 1010 3403 Quare
1030 3328 1074 3385 sie
1097 3326 1279 3387 distribuam

135 3419 320 3499 ¹reliquiae,
353 3430 386 3480 ut
415 3431 446 3481 et
472 3425 584 3483 secreti
607 3424 820 3505 disputationis
842 3427 903 3488 loci
929 3439 959 3489 et
979 3452 1058 3511 quae
1078 3430 1119 3490 ad
1140 3432 1277 3509 singulos

160 3527 332 3604 pertineant
359 3526 558 3606 probabiliter
583 3531 744 3590 coniuncta
767 3531 918 3609 legantur.
962 3537 1113 3618 Incipiam
1135 3548 1238 3599 autem
1259 3562 1279 3600 a

161 3649 316 3691 convrvro:

244 3750 291 3810 VI
314 3749 356 3829 (6)
378 3755 517 3810 Perrexit
537 3757 567 3810 ia
589 3757 734 3813 interioris
752 3766 856 3830 partes
877 3763 987 3819 domuis
1005 3767 1154 3837 posticae,
1186 3775 1217 3824 at
1238 3772 1279 3824 ait

159 3857 297 3926 Plautus,
316 3862 531 3930 penitissumac.

241 3944 306 4034 VII
325 3972 367 4052 (7)
395 3977 448 4032 Ubi
467 3979 555 4044 labet,
583 3980 627 4035 irc
649 3980 713 4037 licet
735 3984 904 4040 accubitum.
950 3988 1055 4044 accedo
1074 3995 1192 4047 strenae
1214 4009 1277 4049 sas·
1352 3968 1354 3977 Ι

159 4084 278 4161 siltmas,
302 4084 379 4155 qaod
399 4087 512 4156 esars'yo
532 4087 660 4156 findebat
678 4095 782 4143 costas.

243 4200 322 4258 VIII
344 4197 392 4275 (9)
418 4201 490 4257 Iade
514 4206 635 4274 pectides
657 4221 741 4274 acas,
770 4211 862 4265 acinis
884 4198 980 4268 clectis
1001 4222 1029 4269 ct
1051 4218 1195 4284 comestis,
1224 4232 1276 4272 es:-

159 4307 248 4362 tcndit
268 4308 297 4362 ia
319 4308 399 4363 lectis
421 4310 573 4378 quondam.
