2760 4890
127 314 166 378 20
554 324 811 379 conmortuus.

127 491 262 562 (sonitum
280 486 436 548 Wolfenb.
455 486 556 565 Laid.)
580 495 711 547 matris
736 494 841 548 deum
862 495 1025 548 tonimur.
1062 489 1204 547 ‘Titium'
1223 510 1243 547 a

125 600 317 654 tibiismodoa
348 597 442 653 Varro
458 597 681 652 Eumenidt'bus:
702 600 848 653 sonitus
869 601 1001 653 matris
1022 599 1121 652 deum
1145 599 1245 653 toni-

124 720 198 760 mus
219 705 356 759 libicos
381 704 449 758 tibi
471 719 567 758 nune
584 705 756 758 semiviri.
792 701 879 761 Idem
893 724 924 781 p.
940 712 1001 775 328,
1022 711 1069 763 12:
1093 701 1244 770 ‘iactare',

124 818 276 878 excutere,
295 825 478 866 commovere.
525 809 618 864 Varro
634 810 855 866 Eumeniditus:
879 813 945 867 tibi
962 828 1056 867 nune
1077 813 1247 867 semiviri

124 923 278 972 teretem
306 933 440 972 comem
468 917 652 973 colentem
680 917 828 972 iactant
855 917 924 971 tibi
947 918 1046 988 gotti.
1091 916 1161 974 Hac
1189 917 1244 974 tri·

123 1020 196 1099 plici
210 1021 355 1079 memoria
369 1019 536 1080 secundum
548 1019 640 1077 Nonii
656 1019 770 1078 indicia
786 1020 970 1092 continuata,
985 1020 1062 1080 haec
1078 1021 1246 1097 fragmenti

124 1128 322 1186 conformatio
346 1126 467 1205 prodit:

211 1281 275 1337 Tibi
291 1290 429 1353 tympora
446 1297 503 1336 oon
522 1281 617 1335 inanis
634 1281 744 1335 sonitus
762 1281 863 1334 matris
878 1281 960 1335 deum
980 1283 1117 1335 terimus:
1139 1281 1246 1336 tihiuos

122 1388 173 1443 titi
192 1404 269 1443 nunc
286 1389 428 1443 semiviri:
457 1393 572 1443 teretem
594 1403 702 1440 comam
722 1387 860 1440 volentem
877 1387 985 1440 iactent
1003 1388 1053 1441 tior·
1069 1387 1151 1442 Gelli.

124 1538 293 1616 Tripertita
319 1547 419 1596 autem
449 1536 601 1595 sententia
629 1534 755 1593 totidem
777 1534 917 1594 versibus
941 1536 998 1594 erit
1021 1535 1245 1594 distribuenda.

125 1644 173 1702 Ac
195 1644 341 1722 postremi
368 1642 489 1721 quidem
521 1662 589 1700 cum
609 1640 834 1700 hemistichium
854 1641 939 1718 prius
962 1642 1001 1699 sit
1026 1641 1163 1700 omnibus
1187 1663 1244 1700 nu-

123 1751 214 1809 meris
236 1750 422 1829 perfectum:

471 1909 586 1959 teretem
607 1919 716 1958 comem
737 1903 890 1969 volentem,

124 2077 195 2136 pars
218 2056 329 2127 altera,
353 2063 386 2112 ut
409 2075 427 2112 a
446 2055 545 2112 Nonio
568 2052 710 2125 traditur,
741 2073 759 2110 a
784 2051 946 2128 galliambo
969 2051 1127 2111 abhorret:
1150 2073 1244 2130 prae-

124 2173 210 2222 terea
237 2181 305 2219 cum
332 2159 499 2237 praecedat
529 2166 651 2218 totumue
677 2160 789 2237 prima,
829 2158 1010 2216 inconcinne
1041 2156 1101 2215 dici
1129 2162 1245 2216 iactent

124 2270 215 2328 tertia
235 2268 333 2326 visum
356 2273 412 2323 est.
452 2265 582 2344 Utrique
607 2264 797 2324 incommodo
824 2263 963 2322 medetur
981 2263 1130 2340 Scaligeri
1159 2284 1243 2322 com-

124 2383 272 2434 mentum:
297 2375 373 2430 Gelli
394 2373 445 2428 tior·
465 2373 599 2443 iacimus,
625 2370 706 2451 quod
727 2372 770 2428 ita
793 2389 986 2428 conversum:
1009 2373 1058 2428 tibi
1076 2373 1152 2428 Gelli
1170 2376 1244 2430 ioci-

124 2500 187 2540 mus
213 2500 300 2538 suum
328 2477 403 2534 fecit
430 2476 600 2554 Roeperua
637 2478 811 2556 'Utriusque
833 2476 948 2534 formae
972 2483 1077 2533 extant
1098 2477 1244 2555 exempla
1272 2544 1278 2548 ⁴

125 2585 313 2655 Catulliana,
338 2580 393 2640 sed
414 2581 496 2639 illius
517 2583 620 2660 plura:
651 2584 722 2643 vide
744 2606 796 2644 vv.
820 2593 862 2645 18.
886 2592 929 2644 tt.
952 2592 995 2646 34.
1017 2592 1061 2645 83.
1081 2591 1125 2654 86,
1149 2581 1242 2643 huius

114 2694 245 2751 'unicum
267 2713 296 2749 v.
316 2697 350 2751 60
373 2690 465 2744 stadio
487 2696 515 2744 et
534 2694 709 2762 pymrrosir's:
730 2710 791 2769 qua
809 2698 911 2748 tamen
932 2692 1029 2747 forma
1048 2687 1242 2766 frequentius

125 2798 237 2859 Graeci
258 2797 306 2855 usi
327 2800 413 2853 sunt:
439 2793 478 2851 cf.
495 2793 642 2870 Diogenis
658 2796 773 2854 Lae'rtii
794 2815 901 2856 versus
924 2794 1004 2874 apud
1019 2795 1242 2858 Hermannum.

124 2905 228 2983 Atque
251 2900 387 2960 eiusdem
411 2917 572 2958 mensurae
600 2902 678 2958 inter
705 2900 783 2959 haec
808 2903 876 2980 ipsa
896 2901 1088 2963 Varroniano
1108 2898 1168 2957 hoc
1193 2910 1242 2960 est

123 3007 358 3093 hemistichium:
389 3008 535 3077 tibintuna
557 3009 691 3062 semiviri.
736 3007 841 3065 Possis
865 3006 997 3085 denique
1021 3005 1241 3081 Scaligeranae

122 3123 153 3172 et
176 3113 387 3192 Roeperianae
410 3112 591 3170 restitutioni
612 3111 691 3168 hanc
713 3112 833 3171 tertiam
855 3111 1003 3172 adiicere:
1030 3114 1105 3170 Gelli
1123 3116 1240 3170 ioeimu'

121 3224 179 3277 titt
220 3221 262 3278 At
285 3218 328 3276 sic
353 3237 420 3275 cum
442 3217 602 3295 tripliciter
621 3217 695 3275 satis
718 3217 784 3276 fieri
805 3228 901 3277 metro
923 3218 1034 3296 possit,
1063 3218 1242 3295 infringitur

122 3333 225 3384 tamen
247 3322 418 3383 emendatio
443 3344 493 3396 eo,
533 3323 614 3404 quod
635 3324 753 3383 Nonius
776 3325 807 3382 in
828 3326 971 3383 lemmate
993 3329 1104 3381 ioetore
1125 3326 1239 3402 posuit,

120 3451 182 3489 non
202 3434 314 3498 iecere,
346 3430 431 3487 cuius
456 3428 542 3487 verbi
570 3430 673 3508 paullo
697 3439 768 3489 ante
791 3431 932 3508 exempla
955 3429 1154 3509 peculiariter
1183 3430 1238 3489 ad·

122 3535 254 3614 scripsit.
296 3533 406 3612 Itaque
430 3535 461 3592 in
484 3554 519 3592 eo
545 3537 662 3594 cautius
685 3538 897 3611 Hermannus,
933 3538 984 3617 qui
1011 3534 1077 3595 sola
1098 3542 1239 3614 transpo-

121 3640 231 3698 sitione
260 3637 454 3714 defungitur:
491 3644 601 3699 r'ectcnt
631 3644 708 3700 Galli
733 3646 800 3714 tibi,
836 3642 891 3701 sed
918 3642 1019 3700 intulit
1046 3643 1239 3704 emendando

122 3747 210 3806 metri
237 3746 382 3817 formam,
416 3746 500 3804 cuius
531 3754 646 3804 certum
674 3748 847 3826 exemplum
872 3767 930 3806 non
959 3756 1052 3807 extat.
1098 3749 1239 3810 Catullus

123 3848 261 3928 quidem,
285 3850 367 3926 apud
389 3871 479 3930 quam
499 3872 626 3930 perrara
650 3861 696 3911 est
719 3873 756 3911 ea
776 3853 873 3911 forma
896 3855 1064 3925 anaclasis,
1093 3854 1192 3913 noluit
1210 3856 1239 3914 ei

121 3954 173 4014 vel
199 3975 307 4033 purum
333 3958 464 4017 ionicum
489 3959 540 4018 vel
563 3959 727 4018 molossum
747 3960 909 4039 praemitti.
953 3958 1032 4018 Vide
1052 3981 1102 4019 vv.
1125 3970 1169 4022 14.
1193 3972 1238 4024 35.

19 4057 23 4062 ’
121 4067 165 4122 76.
181 4069 225 4124 78.
264 4061 327 4120 Sed
350 4061 486 4122 eiusdem
508 4084 668 4123 mensurae
689 4065 819 4123 alterum
842 4065 1012 4143 exemplum
1034 4084 1072 4122 ex
1093 4064 1140 4123 his
1158 4067 1236 4127 Var-

59 4167 60 4171 ’
120 4166 253 4224 ronianis
275 4155 449 4246 proferunt:

313 4306 364 4359 tihi
384 4312 493 4376 typeno
516 4323 571 4361 reon
595 4309 677 4362 inani
696 4309 790 4363 sonitu
813 4311 914 4364 metris
935 4311 1028 4365 deum.
