2760 4890
520 330 777 381 oonracrrnur.
1149 319 1208 380 103

92 494 200 555 edidit.
255 492 284 553 A
311 513 372 573 quo
404 490 506 552 differt
533 490 671 551 nonnihil
700 489 815 569 duplex
848 488 993 548 memoria
1018 488 1125 561 Nonii,
1158 489 1210 568 qui

92 624 122 683 p.
147 610 218 676 276,
240 611 258 665 8
284 607 402 680 portem
430 598 592 677 fragmenti
612 597 721 656 refert:
755 596 960 670 ‘Copnoscere'
987 612 1146 670 agnoscere.
1170 626 1212 637 —

100 712 133 767 V.
159 710 236 784 Sesq.
259 707 373 766 ‘vorem
395 722 430 764 ne
452 721 713 780 mecumtecum
737 707 845 761 domum
867 704 902 759 ob
923 703 975 760 Ilio
997 706 1094 760 cossim
1116 720 1209 760 rever-

93 825 167 882 tero,
185 821 305 888 praeter
318 830 415 871 canem
436 820 583 886 cognoscat
599 804 693 869 nemo:
716 809 865 885 integrum
882 826 911 884 p.
931 813 996 881 247,
1016 817 1065 872 23:
1090 809 1210 866 ‘Album'

92 925 292 996 aprificatione
311 921 458 994 manifesto
480 928 535 990 est,
551 924 587 974 ‘ut
617 916 693 990 Virp.
717 947 758 956 —
782 918 888 987 Altum,
911 918 973 971 mite
996 918 1038 972 vel
1060 919 1211 990 placidum.

100 1028 133 1083 V.
166 1026 243 1100 Sesq.
269 1024 399 1083 ‘adversi
420 1028 492 1082 venti
521 1025 692 1081 ecciderunt:
728 1024 843 1097 quodsi
864 1012 986 1096 perpuri
1011 1024 1112 1081 diutius
1134 1041 1212 1082 mare

94 1136 216 1200 volvere,
240 1150 337 1191 vereor
353 1148 389 1188 ne
417 1149 460 1188 me
477 1146 599 1207 queque,
626 1148 680 1203 quo
701 1131 808 1186 domum
830 1130 864 1184 ab
886 1129 958 1184 dolio
980 1132 1080 1185 cossim
1100 1145 1210 1201 venero,

89 1250 209 1313 praeter
244 1255 340 1296 canem
372 1247 519 1313 cognoscat
549 1253 634 1294 nemo.
696 1236 734 1294 In
758 1235 815 1292 hoo
847 1214 1012 1312 posteriore
1039 1233 1211 1292 testimonio

94 1344 215 1425 pridem
235 1355 429 1424 perspectum
456 1354 502 1404 est
530 1341 700 1402 desiderari
726 1340 789 1399 albi
815 1340 969 1398 notionem
998 1359 1035 1398 ea
1060 1339 1091 1396 vi
1119 1348 1152 1397 ut
1173 1339 1212 1397 sit

96 1452 169 1511 mite
188 1449 240 1510 vel
265 1448 430 1530 placidum.
476 1453 566 1508 Altum
598 1449 678 1508 enim
705 1447 815 1508 leviter
843 1446 1041 1526 depravatum
1068 1454 1213 1524 putarunt

98 1579 137 1618 ex
157 1562 258 1618 udum.
307 1556 369 1635 Qui
398 1557 539 1616 defectus
566 1576 628 1615 non
654 1555 753 1632 potuit
779 1555 934 1614 infelicius
962 1555 1099 1634 reparari
1121 1575 1212 1634 quam

94 1662 228 1741 reposito
246 1670 330 1740 post
355 1662 533 1722 Turnebum
571 1664 602 1721 in
633 1660 815 1720 adversariis
842 1656 959 1720 XXIX
985 1669 1019 1723 20
1048 1680 1067 1718 a
1095 1660 1213 1739 Popma

91 1777 206 1844 praeter
227 1771 316 1828 obrem
339 1788 449 1838 canem,
474 1790 533 1850 qno
553 1766 642 1828 reddi
664 1767 790 1827 Homeri
817 1757 894 1824 advo
920 1753 1011 1845 ἀργὸν
1044 1768 1210 1846 opinaban-

95 1884 153 1935 tur.
197 1875 289 1935 Nunc
306 1875 338 1935 in
358 1874 417 1935 hac
437 1883 524 1954 parte
542 1895 602 1934 non
625 1875 685 1934 iarn
708 1872 908 1949 haerendum,
932 1894 998 1934 curn
1018 1875 1111 1934 Ianus
1130 1876 1211 1934 Lau·

95 1981 275 2059 reubergius
297 1982 328 2042 in
349 1984 520 2064 antiquario
546 2002 570 2041 s.
588 2002 618 2039 v.
641 1984 731 2039 album
753 2002 783 2060 p.
810 1990 840 2042 19
865 1982 931 2039 sive
956 1980 1114 2040 luculenta
1134 1980 1211 2039 divi·

94 2088 219 2147 natione
248 2089 314 2148 sive
338 2093 462 2170 egregio
492 2091 569 2150 libro
603 2087 723 2149 adiutus
754 2088 797 2145 ita
821 2086 922 2145 locum
942 2086 1058 2146 tradat:
1096 2089 1214 2145 Aduersi

95 2199 167 2253 venti
183 2198 379 2256 ruadmunt:
396 2201 487 2256 altum
508 2206 550 2256 est
564 2215 658 2255 mare:
679 2198 754 2270 quod
773 2199 798 2252 si
819 2213 845 2252 e.
869 2214 897 2272 q.
920 2215 944 2252 s.
980 2192 1038 2253 cui
1054 2194 1210 2266 locutioni,

96 2320 186 2379 quam
216 2321 275 2379 ego
303 2322 342 2363 ex
369 2304 532 2365 Homerico
558 2291 648 2378 λευκὴ
672 2291 787 2379 γαλήνη
812 2298 884 2378 (od.
908 2300 940 2356 X
960 2301 1007 2378 94)
1034 2294 1210 2380 expressam

96 2405 241 2481 arbitror,
266 2429 334 2469 eum
355 2412 477 2488 egregie
502 2411 664 2469 conveniat
685 2406 851 2486 explicatio
875 2406 983 2464 Nonii:
1007 2415 1068 2466 mite
1086 2412 1129 2465 vol
1145 2413 1210 2482 pla-

95 2515 198 2580 cidum,
226 2521 291 2573 tum
316 2536 388 2579 uon.
402 2517 507 2595 inepte
535 2517 603 2596 quis
631 2514 702 2573 inde
727 2515 881 2593 profectus
905 2514 1001 2573 Nonii
1022 2515 1132 2573 lemma
1153 2514 1212 2573 hoc

95 2616 183 2677 modo
204 2619 348 2697 refingat:
378 2623 510 2681 ‘Albam'
539 2625 735 2697 significatione
756 2623 903 2695 manifesto
932 2631 986 2693 est,
1014 2630 1044 2678 ut
1071 2621 1147 2695 Virp.
1169 2650 1211 2661 -

96 2701 223 2785 l‘Album
240 2723 348 2806 more']
372 2733 455 2786 cltum
470 2734 532 2788 mite
543 2720 585 2788 nel
594 2729 745 2802 placidum.
780 2729 873 2787 Varro
889 2749 916 2787 e.
930 2749 959 2807 q.
974 2749 996 2786 s.
1020 2727 1083 2789 Sed
1095 2736 1212 2786 restant

95 2826 242 2885 nonnulla
257 2827 288 2886 in
302 2833 427 2915 reliquis
445 2834 653 2915 expedienda,
674 2834 830 2913 inquibus
847 2854 903 2912 ego
925 2834 1019 2893 nolim
1037 2833 1075 2892 ad
1093 2844 1212 2893 veteres

96 2932 191 2992 Nonii
213 2932 363 2999 editiones
387 2941 566 3019 confugere,
589 2961 666 3020 quas
688 2941 847 3019 Roeperus
869 2939 920 2998 hic
953 2947 987 2997 ut
1014 2935 1089 2994 alibi
1113 2921 1227 2995 inutili'

96 3037 197 3098 studio
221 3046 390 3123 excerpsit:
418 3066 477 3106 nec
499 3066 602 3106 eorum
625 3064 704 3125 quae
732 3044 776 3102 Io.
800 3045 889 3122 Bapt.
920 3045 995 3104 Pius
1021 3041 1065 3118 (in
1089 3040 1212 3101 Gruteri

95 3145 254 3226 L'empade
276 3149 292 3207 I
314 3170 343 3228 p.
368 3151 433 3228 407)
457 3171 496 3210 ex
520 3151 699 3210 ‘admodum
720 3151 820 3229 prisco
840 3147 986 3227 fidelique
1009 3146 1126 3206 codice'
1152 3156 1210 3204 rct-

95 3250 165 3310 tulit
193 3263 308 3334 quanta
334 3257 411 3318 fides
438 3261 478 3318 sit
505 3258 608 3317 dicere
630 3277 765 3336 possum.
804 3254 908 3332 Quare
930 3251 1072 3333 perstabo
1096 3253 1127 3310 in
1152 3254 1209 3310 Ba·

95 3357 264 3419 silieusiurn
288 3360 396 3438 copiis:
419 3361 502 3420 unde
524 3365 685 3423 coniuncta
708 3361 823 3439 duplici
843 3360 937 3418 Nonii
963 3359 1107 3417 memoria
1134 3359 1212 3416 haec

95 3466 187 3525 totius
208 3464 268 3524 loci
286 3467 405 3546 species
422 3467 538 3547 prodit:
554 3473 673 3528 Advorsi
685 3472 756 3528 venti
769 3469 941 3524 ceciderunt:
964 3467 1055 3522 olbam
1070 3473 1110 3520 ost
1124 3482 1210 3521 necere.

94 3574 193 3646 quodsi
206 3580 331 3647 pergunt
356 3576 459 3631 diutius
481 3595 559 3634 more
580 3579 701 3645 volvere,
731 3591 826 3631 vereor
855 3590 889 3628 ne
915 3589 957 3628 mo
981 3589 1104 3645 quoque,
1132 3590 1210 3644 quom

96 3681 204 3737 doraum
226 3680 262 3736 ob
283 3680 335 3737 llio
357 3681 454 3736 cossim
480 3697 579 3740 venero
603 3676 782 3759 (revertero),
809 3686 925 3752 praeter
950 3693 1046 3763 eonem
1068 3685 1213 3749 copnoscat

96 3801 182 3846 nemo.
216 3805 297 3860 quum
316 3785 473 3864 Roeperus
494 3786 642 3859 restituit,
666 3784 792 3843 ducibus
820 3784 920 3856 libris,
946 3784 998 3863 qui
1027 3783 1122 3843 altero
1145 3785 1210 3843 loco

95 3909 163 3964 quo,
188 3890 286 3951 altero
303 3890 467 3969 perhibent
488 3910 560 3948 eum.
589 3895 686 3948 cossim
707 3891 800 3949 nolim
820 3889 963 3948 fidentius
980 3889 1123 3949 damnare
1146 3912 1212 3949 curn

96 3995 251 4075 Roeper0‚
274 3999 329 4076 qui
351 3997 433 4077 quod
444 3996 689 4075 Laurcnbergius
709 3997 815 4055 scribit
835 4000 930 4053 cessim
949 3997 1091 4074 praefert.
1120 3997 1211 4076 Apud

96 4103 230 4163 Nonium
251 4103 376 4183 quidem
399 4114 446 4164 est
466 4125 496 4183 p.
513 4115 563 4178 40,
580 4115 614 4167 30
637 4107 759 4163 ‘corson'
781 4107 882 4161 clintum
904 4109 985 4177 quusi
1003 4109 1105 4160 sonim.
1149 4102 1211 4160 Sed

95 4208 166 4268 vide
183 4206 218 4269 0.
231 4210 268 4268 1..
283 4208 503 4270 Schneiderum
517 4211 548 4269 in
561 4229 687 4288 gramm.
700 4209 754 4267 lat.
768 4210 784 4266 I
798 4230 828 4287 p.
841 4219 902 4284 355,
924 4207 1079 4267 Handium
1093 4209 1123 4265 in
1134 4207 1210 4264 Tur·

95 4314 206 4374 sellino
233 4313 266 4373 11
289 4336 321 4394 p.
348 4322 383 4377 79
410 4336 477 4395 sqq.
513 4315 580 4374 Noc
609 4315 639 4372 in
668 4315 778 4374 ceteris
807 4314 900 4373 facile
929 4315 959 4372 in
987 4314 1121 4391 Roeperi
1140 4332 1209 4390 par·
