2760 4890
489 334 747 382 comacinam.
1113 326 1193 397 205.

59 494 170 574 quibus
203 494 311 553 videor
333 493 406 551 mibi
434 504 552 552 tantum
579 493 736 565 effecisse,
760 502 793 550 nt
820 492 954 550 nondum
974 503 1022 552 sat
1047 494 1177 554 fidenter

60 599 145 658 credi
167 599 239 670 illa',
267 620 358 678 quam
379 599 567 658 Mercklinns
589 599 725 658 studiose
749 597 987 671 commendarit,
1010 598 1177 678 duplicium

58 707 92 764 in
140 707 251 763 saturis
295 704 450 763 titulorum
493 679 665 765 constrintia
712 704 819 784 possit.
885 706 1017 781 Pergam
1056 708 1177 765 interim

59 810 225 869 Merclrlini
257 807 486 885 conglutinandi
513 811 618 868 titulos
648 810 817 889 specimina
845 808 1026 888 disceptare.
1076 813 1130 871 Bis
1158 834 1177 871 a

60 915 166 976 Gellio
188 917 248 994 (VI
270 925 312 986 16,
337 927 366 988 l;
388 915 450 973 XV
473 914 519 990 19)
543 917 653 974 citatur
673 926 777 974 satura
799 911 867 992 περὶ
889 908 1062 990 ἐδεσμάτων,
1089 928 1118 976 ot
1137 917 1176 976 ab

59 1021 171 1080 eodem
191 1021 294 1082 Gellio
315 1022 388 1077 item
409 1019 456 1078 bis
478 1021 508 1098 (I
526 1031 570 1094 32,
588 1033 622 1097 43
644 1024 728 1082 XIII
747 1021 792 1098 ΙΙ)
817 1023 941 1080 affertur
959 1023 1057 1081 altera
1078 1027 1178 1083 Nescis

58 1131 132 1201 quid
163 1146 265 1200 vesper
292 1128 398 1200 (serus)
428 1131 520 1185 rebat.
563 1128 655 1186 illam
686 1130 791 1187 titulus
815 1128 931 1187 indicat
956 1128 994 1187 de
1018 1131 1177 1210 exquisitis

59 1232 197 1292 ciborum
225 1233 343 1291 deliciis
372 1213 488 1310 egisse,
524 1235 604 1292 hanc
630 1234 723 1294 Gellii
751 1236 954 1293 testimonium
979 1236 1110 1306 affirmat
1138 1238 1176 1296 de

59 1339 146 1396 cultu
166 1337 332 1418 habituque
357 1343 490 1399 convivii
517 1341 622 1399 fuisse.
668 1339 757 1418 Quae
779 1339 903 1418 quidem
925 1342 1066 1416 cognatio
1088 1361 1176 1418 argu-

58 1447 157 1502 menti
177 1445 378 1504 Metellinum
401 1446 544 1517 adduxit,
570 1456 604 1504 ut
624 1466 678 1504 eas
699 1468 760 1505 non
783 1446 860 1505 duas
884 1456 1004 1504 saturas
1026 1447 1082 1505 sed
1102 1447 1177 1506 (liras

58 1559 180 1610 tantum
201 1551 414 1630 inscriptiones
429 1554 518 1610 unius
532 1563 654 1611 saturae
671 1553 766 1612 fnisse
780 1551 838 1610 sibi
851 1550 1061 1631 persuaderet.
1085 1552 1178 1612 Cuius

59 1657 239 1735 suspitionis
258 1667 468 1733 argumentum
488 1679 507 1716 a
526 1659 639 1738 leporis
662 1659 796 1738 epitheto
819 1659 992 1737 repetitum,
1012 1656 1092 1738 qnod
1112 1677 1180 1716 cnm

58 1773 192 1842 utroque
213 1763 315 1822 indice
341 1762 461 1823 Gellius
484 1766 647 1842 coniungat
670 1766 729 1843 (VI
748 1776 790 1840 16,
811 1778 824 1827 l
845 1767 885 1822 M.
911 1767 1005 1823 Varro
1019 1768 1049 1822 in
1066 1773 1178 1832 saturo,

58 1890 152 1944 quarn
172 1867 239 1944 περὶ
260 1862 425 1945 ἐδεσμάτων
447 1875 609 1944 inscripsit,
634 1877 756 1946 lepide
779 1876 930 1930 admodum
951 1881 978 1928 et
1001 1875 1071 1929 scite
1089 1872 1194 1944 sociis-

61 1979 194 2034 versibus
220 1995 359 2034 cenarum
383 1983 544 2051 exquisitos
571 1983 688 2037 delicias
715 1980 937 2051 comprehcndit.
987 1977 1071 2036 XIII
1095 1989 1141 2049 ll,
1165 1989 1178 2038 1

60 2083 330 2153 Lepidissirnns
351 2088 423 2142 iiber
445 2094 487 2141 cst
507 2086 547 2140 M.
580 2086 720 2143 Varronis
741 2103 780 2142 ex
802 2089 911 2141 scians
932 2086 1107 2158 Menippeis,
1131 2089 1181 2157 qni

59 2191 247 2246 inscribitur:
289 2196 411 2247 nescis
438 2193 526 2264 qnid
550 2207 682 2263 vesper
709 2208 815 2248 serus
842 2193 977 2263 vebat),
1017 2209 1085 2248 cum
1112 2191 1179 2268 ipse

61 2314 125 2351 non
147 2293 273 2352 multum
291 2297 396 2355 iuvare
419 2295 579 2369 concedat,
599 2316 655 2372 ego
675 2294 751 2354 nihil
769 2296 874 2355 valere
898 2295 1025 2368 affirmo,
1047 2315 1105 2353 nec
1127 2314 1178 2353 ve·

53 2419 130 2491 'rum
152 2399 275 2479 quidem
302 2412 364 2475 est,
392 2402 473 2482 quod
501 2403 559 2473 ait,
586 2401 708 2461 laudem
730 2402 858 2481 leporis,
888 2423 949 2483 qua
972 2400 1065 2477 digna
1086 2400 1181 2459 multa

62 2526 104 2565 ex
127 2504 185 2563 lioc
210 2521 324 2582 genere
350 2510 497 2588 opuscula
526 2508 672 2568 Varronis
701 2509 829 2581 luerint,
858 2509 929 2567 huic
956 2509 1009 2578 nni
1029 2507 1121 2587 plene
1144 2526 1181 2563 ac

61 2613 256 2690 potissimum
277 2632 296 2668 a
316 2611 418 2672 Gellio
440 2612 542 2672 tribui.
586 2615 682 2672 Porro
707 2615 876 2674 Varronem
898 2615 929 2673 in
953 2634 990 2673 ea
1011 2622 1130 2685 satura,
1150 2614 1181 2670 in

62 2737 127 2796 qua
149 2715 319 2776 disserebat
344 2716 396 2776 ‘de
418 2727 490 2796 apto
514 2720 708 2778 convivarum
730 2741 854 2781 numero
876 2720 975 2801 deque
995 2721 1088 2799 ipsius
1111 2739 1180 2776 con·

61 2823 140 2882 vivii
174 2821 281 2881 habitu
308 2824 470 2904 cultuque'
508 2823 566 2902 (sic
598 2826 677 2883 enim
703 2836 912 2903 argumentum
940 2834 1062 2897 saturae
1090 2829 1183 2882 nescis

62 2933 182 3003 qnid-e.
205 2951 234 3008 q.
257 2950 282 2990 s.
307 2929 425 2991 Gellius
455 2931 593 2991 definivit
614 2932 672 3006 ibi,
700 2932 752 2991 ubi
773 2935 864 2992 totins
891 2944 1012 2993 saturae
1038 2930 1182 2992 ambitum

63 3057 102 3096 ac
129 3038 264 3115 speciem
292 3037 416 3102 nonita
435 3040 575 3099 tenuibus
602 3042 693 3101 lineis
716 3041 908 3101 adumbravit
928 3040 1012 3099 XIII
1035 3038 1098 3116 lt),
1122 3058 1182 3095 non

62 3144 307 3222 praetermisisse
326 3144 454 3222 primam
478 3166 613 3205 mensam
635 3168 792 3227 cenaeque
816 3148 912 3226 ipsius
932 3143 1107 3224 primarium
1129 3163 1180 3221 ap-

61 3259 204 3328 paratum
230 3259 292 3309 tam
316 3256 444 3308 naturae
474 3255 658 3312 conveniens
688 3264 726 3313 et·
745 3255 940 3333 perspicuum
962 3260 1023 3323 est,
1051 3259 1084 3308 ut
1105 3249 1182 3307 haec

63 3354 190 3436 quidem
215 3376 264 3414 res
292 3376 353 3414 non
380 3357 498 3433 eguerit
524 3357 689 3418 Mercklini
712 3360 924 3438 explicatione.
969 3357 1016 3416 Ac
1037 3354 1181 3425 Gellium,

61 3471 263 3549 posteaquam
286 3461 325 3520 de
348 3461 455 3521 ‘bellis
477 3463 686 3526 homunculis'
715 3466 754 3526 ad
774 3465 945 3525 convivium
964 3462 1103 3540 legendis
1130 3461 1181 3519 de-

63 3590 125 3649 qne
158 3567 346 3628 sermonibus
383 3568 462 3626 inter
498 3591 604 3655 cenam
633 3574 771 3634 serendis
798 3578 966 3653 praecepta
992 3569 1183 3629 Varroniana

63 3676 196 3748 rettulit,
227 3695 295 3742 Qum
321 3672 470 3752 pergat&
494 3685 511 3739 6
547 3696 714 3752 sequence
737 3683 771 3738 de
793 3682 926 3738 secundis
945 3693 1057 3752 quoquc
1080 3678 1184 3732 mensis

66 3802 92 3840 e.
110 3802 140 3860 q.
158 3801 194 3853 s.,
218 3788 356 3859 apertum
377 3787 432 3851 cst,
456 3789 489 3839 nt
511 3786 749 3859 grammaticum,
773 3787 883 3846 omisso
902 3782 1112 3844 Varronianae
1134 3799 1181 3837 aa·

64 3897 152 3947 turae
189 3894 365 3964 argumento
395 3885 435 3943 ad
469 3888 683 3972 explicandam
714 3896 834 3951 bellaria
866 3910 972 3950 vocem
1007 3905 1181 3967 properare.

65 3994 164 4073 Atqui
183 3996 209 4053 si
230 3995 326 4054 Varro
346 3994 378 4051 in
400 3993 458 4052 hec
480 4003 664 4068 saturatam
684 3999 800 4076 primae
819 4017 909 4079 quam
922 3995 1081 4084 ‘secundae
1099 4013 1181 4052 men-

28 4174 33 4182 ¹
65 4120 121 4159 sae
149 4108 328 4179 apparatum
353 4102 566 4177 pertractavit,
599 4122 660 4160 non
682 4105 780 4181 potuit
804 4103 895 4162 facile
918 4104 949 4161 in
972 4103 1069 4161 altera
1091 4119 1181 4178 pecu-

65 4207 136 4265 liari
160 4215 263 4265 satura
285 4225 444 4264 recensum
465 4198 628 4283 ἐδεσμάτων
652 4206 805 4266 exhibere.
850 4189 963 4267 Audioss
1006 4207 1049 4264 At
1071 4207 1096 4264 si
1118 4204 1181 4262 illic

66 4314 164 4372 omnis
194 4314 325 4372 convivii
353 4313 451 4372 cultus
481 4313 618 4390 depictus
648 4323 730 4385 erat,
764 4313 946 4371 crediderim
974 4313 1066 4371 etiarn
1094 4319 1182 4388 potus
