2760 4890
526 338 784 387 consecrantes.
1177 327 1218 390 95

99 517 224 576 gramm.
250 496 304 556 lat.
331 497 365 556 Il
390 518 422 577 p.
445 499 512 575 471)
543 505 649 557 extare
674 499 825 577 potuisse,
861 517 920 556 nec
946 497 1021 556 satis
1049 498 1166 556 firmum
1187 498 1219 556 in

99 603 216 664 Culicis
238 624 339 678 versu,
362 623 453 684 quern
474 604 578 679 attuli,
601 605 786 684 praesidium
803 604 1003 678 nanciscitur,
1025 611 1056 662 61
1078 623 1096 662 6
1116 612 1219 663 nostro

37 776 41 783 ,
98 704 168 770 1666
197 712 325 770 metrica
352 712 472 771 ratione
499 705 662 790 respuitur.
710 712 878 772 Praeterea
900 731 939 771 ne
967 710 1041 791 quid
1061 709 1100 769 de
1125 711 1218 770 valde

99 823 241 875 contorta
268 835 347 896 quae
374 814 507 877 Oehlero
534 818 652 896 placuit
680 827 830 878 structura
861 817 973 892 dicam,
1003 818 1131 892 olivam,
1158 839 1219 877 non

96 921 274 1001 platanum,
300 921 439 981 Palladis
467 923 603 992 arborem
632 945 700 984 6666
729 923 832 984 didici.
877 924 960 1003 Quid
988 924 1104 983 multa?
1148 926 1219 983 Duo

97 1036 185 1101 sunt,
206 1047 288 1107 quae
306 1027 360 1087 ille
380 1029 412 1088 in
433 1049 524 1089 unum
550 1031 789 1108 conglutinavit,
820 1031 995 1106 commatia,
1019 1031 1148 1089 alterum
1174 1031 1217 1089 in·

40 1196 46 1209 ,
97 1144 236 1212 tagram,
259 1143 429 1195 truncatum
449 1137 593 1197 alterum:
624 1141 687 1195 Alta
705 1140 788 1212 frons
809 1142 908 1196 decidit
930 1140 1071 1195 Pcttcttr's:
1089 1146 1130 1201 ,et
1154 1129 1217 1212 [116-

99 1250 182 1299 tanus
200 1236 305 1315 161616,
322 1241 433 1321 quibus
450 1243 522 1303 addi
546 1244 597 1303 vel
617 1249 724 1304 leuatur
739 1246 845 1323 possit.
886 1243 1117 1304 Olivaeautem
1136 1244 1219 1304 frons

99 1347 183 1427 quod
208 1347 294 1407 frons
315 1348 453 1409 Palladis
483 1349 609 1424 dicitur,
638 1370 697 1410 nec
724 1351 859 1411 insolens
880 1352 939 1411 hoc
966 1370 1062 1429 genus
1089 1351 1218 1410 transla-
1244 1377 1247 1383 ·

97 1455 192 1513 tionis
215 1463 263 1514 est
285 1463 317 1514 et
335 1457 488 1534 geminum
502 1456 547 1515 illi
564 1456 622 1516 hoc
638 1457 769 1534 Vergilii
788 1458 961 1537 exemplum
976 1457 1056 1516 Aen.
1072 1457 1134 1517 VII
1155 1469 1218 1520 154:

98 1565 190 1620 ramis
214 1564 317 1643 6676166
341 1565 468 1622 Palladis
491 1567 588 1622 omnic.
638 1565 781 1643 Denique
807 1585 823 1623 e
850 1584 964 1641 genere
988 1565 1220 1644 orthographico

99 1668 254 1728 admoneo
275 1668 312 1727 fr.
335 1657 668 1749 3616611661166611
691 1671 824 1730 Nonium
845 1691 875 1749 p.
897 1680 947 1744 86,
970 1680 1014 1745 16,
1037 1692 1127 1750 quam
1149 1672 1218 1732 bre-

98 1776 218 1836 viorem
242 1776 422 1854 scripturam
437 1794 492 1852 pro
507 1779 616 1835 arboris
631 1776 846 1836 Lachmannus
864 1775 902 1835 ad
917 1778 1054 1836 Lucretii
1070 1778 1086 1834 I
1103 1788 1152 1841 186
1167 1779 1234 1863 ad·¹

98 1882 220 1941 notavit
238 1902 278 1941 ne
296 1880 335 1940 ab
352 1881 491 1940 oratione
508 1902 598 1962 prosa
615 1882 739 1963 quidem
755 1884 888 1942 alienam
902 1904 978 1945 esse.
1010 1886 1102 1946 Certe
1113 1862 1223 1948 versus

99 2007 245 2048 mensura
263 1988 296 2046 h.
318 1988 337 2047 1.
358 2006 395 2046 eo
417 1987 569 2048 scribendi
592 2008 705 2066 genere
734 2010 794 2048 non
816 1989 987 2051 adiuvatur.
1029 1993 1080 2051 Fr.
1102 2005 1117 2056 5
1140 2015 1219 2073 quae

102 2102 151 2154 est
162 2096 227 2170 fros
243 2095 400 2174 scriptura,
417 2114 454 2153 ea
468 2097 500 2153 in
515 2094 655 2154 lemmate
670 2096 763 2154 Nonii
780 2117 809 2176 p.
826 2104 931 2172 18611
946 2100 1021 2171 (fros
1031 2120 1088 2174 pro
1101 2103 1219 2175 froude)

103 2210 135 2261 61
157 2202 190 2262 in
213 2201 344 2279 Vergilii
367 2222 404 2261 ac
425 2201 570 2260 Varronis
597 2203 746 2280 exemplis
767 2202 874 2280 reponi
896 2200 1008 2262 debuit.
1060 2206 1110 2264 Fr.
1135 2217 1219 2269 616·

102 2308 173 2388 cepi
195 2317 277 2384 traps
298 2308 437 2383 formam,
459 2328 539 2388 qnae
562 2307 644 2386 apud
659 2309 793 2368 Nonium
814 2329 843 2388 p.
862 2316 920 2382 178,
936 2318 970 2371 31
987 2313 1062 2370 61111
1078 2314 1219 2373 lemmate

103 2421 135 2473 61
157 2414 188 2473 in
211 2432 303 2473 versu
318 2414 466 2475 Varronis
486 2415 613 2493 legitur:
636 2434 694 2473 nec
713 2413 873 2492 repudiavi
896 2435 976 2489 earn,
1006 2439 1085 2498 qrrce
1108 2421 1219 2480 ibidem

101 2518 248 2595 traditur,
276 2524 412 2579 accedens
432 2521 627 2600 scripturam,
656 2540 747 2598 quam
774 2521 805 2579 in
834 2522 928 2580 Ennii
954 2544 1075 2603 quoque
1101 2535 1220 2604 tragoe-

104 2626 163 2688 diis
181 2648 213 2687 v.
236 2636 287 2691 114
312 2635 343 2687 61
362 2635 412 2690 281
436 2636 562 2686 6661616
586 2627 792 2686 Fleckeiseno
814 2629 942 2687 restitui.
985 2630 1032 2689 Of.
1057 2632 1220 2691 Ribbeckii

102 2741 182 2813 trag.
211 2733 267 2793 rel.
295 2750 326 2814 p.
356 2735 415 2793 IX.
465 2733 558 2814 Apud
581 2734 715 2794 Nonium
742 2753 772 2811 p.
795 2742 860 2806 494,
889 2744 924 2797 33
951 2735 983 2794 in
1008 2737 1115 2796 eodem
1138 2739 1219 2816 frag·

104 2848 205 2900 mento
228 2849 259 2900 et
279 2843 356 2900 nats
376 2850 407 2900 61
427 2844 556 2900 accidens
577 2840 718 2900 scribitur
741 2848 774 2898 ut
795 2840 898 2918 vulgo.

191 2967 256 3047 Sed
277 2969 349 3029 huic
371 2971 452 3029 omni
474 2970 651 3031 caedendae
672 2968 769 3028 silvae
791 2967 1002 3047 descriptioni,
1031 2973 1116 3032 cuius
1140 2975 1219 3032 simi-
1255 3050 1259 3055 Ι

105 3075 150 3135 166
182 3076 304 3136 11111166
332 3076 434 3135 attulit
460 3074 481 3133 l.
510 3096 535 3135 6.
571 3076 625 3156 (61.
654 3083 772 3155 quaest.
801 3075 882 3134 Enn.
908 3096 937 3154 p.
961 3076 1035 3156 111),
1068 3080 1220 3139 neminem

105 3184 185 3262 fugit
210 3204 301 3265 qnam
324 3202 458 3261 congrua
479 3183 517 3241 sit
542 3182 609 3260 ipsa
638 3182 817 3273 creticodum
839 3204 1030 3244 numerorum
1052 3187 1140 3264 quasi
1160 3195 1221 3245 tur-

105 3290 233 3351 bulenta
259 3289 404 3368 gravitas.
451 3287 508 3348 Oui
541 3308 712 3367 comparem
736 3290 798 3348 vim
824 3290 918 3350 habet
944 3291 975 3350 in
997 3291 1220 3369 Amphitruone

105 3396 210 3456 Plauti
231 3412 251 3454 a
271 3396 361 3456 Sosia
383 3413 471 3454 servo
495 3393 633 3454 exhibita
649 3395 769 3455 creticis
784 3397 924 3456 versibus
946 3415 1068 3474 pugnae
1087 3397 1220 3476 descrip-

54 3524 66 3531 ·
105 3504 148 3563 tio
170 3504 188 3563 Ι
210 3480 417 3578 nstro—247.
460 3501 544 3560 Huic
572 3512 673 3562 autern
693 3511 817 3566 nostrae
837 3503 1004 3563 narrationi
1024 3504 1221 3581 praemissum

105 3610 164 3670 fnit
185 3607 269 3668 haud
291 3608 384 3669 dubie
405 3608 443 3668 11.
464 3616 497 3672 7:

258 3765 375 3821 Essent
395 3766 453 3833 citt,
475 3770 615 3836 strepunt,
636 3772 749 3831 6666661,
773 3766 868 3822 boant:

105 3917 136 3974 in
157 3934 304 3995 quocum
319 3933 461 3974 numeros
475 3933 637 3992 agnoscas,
661 3935 753 3992 aegre
776 3916 886 3975 certius
906 3915 1043 3989 definias,
1067 3920 1126 3976 nisi
1142 3918 1222 3998 quod

106 4020 214 4081 cretici
231 4039 294 4079 non
313 4019 455 4081 videntur
477 4020 581 4082 161666.
621 4024 688 4083 Nec
712 4023 791 4081 enim
807 4024 955 4101 scriptura
970 4026 1037 4102 ipsa
1051 4024 1222 4084 indubitata

12 4154 15 4159 >
97 4130 154 4186 'est
175 4124 269 4205 (Non.
287 4148 318 4207 p.
336 4135 380 4200 79,
395 4125 435 4205 7),
454 4147 521 4186 66111
537 4126 698 4208 displiceat
711 4128 759 4187 bis
775 4131 904 4207 positum
915 4112 1035 4190 'exeunt-
1058 4132 1138 4210 quod
1154 4132 1221 4188 olim

104 4242 139 4292 61
155 4252 241 4293 mera
260 4235 423 4294 iteratione
446 4244 542 4293 ortum
559 4235 708 4295 delerunt.
739 4235 801 4294 Sed
817 4257 854 4295 ca
871 4240 1010 4296 arborum
1026 4238 1176 4296 truncatio
1193 4245 1224 4292 ot

106 4338 223 4400 decisio
244 4341 360 4417 silvae,
388 4350 422 4401 ut
443 4341 523 4421 apud
545 4342 677 4401 Ennium
706 4350 735 4400 et
760 4343 929 4421 Vergilium
951 4341 1127 4401 instruendo
1148 4361 1221 4416 rogo
