2760 4890
506 320 513 329 ’
533 314 791 407 cantabriam.
971 429 978 441 ·
1157 342 1215 404 155

97 519 164 578 nini
192 518 321 577 formam
347 537 408 576 non
428 517 523 576 fuisse
544 517 575 575 in
597 537 654 577 usu
675 517 826 594 significat
848 537 947 575 rerum
968 517 1148 576 rusticarum
1166 518 1216 576 111

97 637 128 699 5,
148 633 167 688 6
193 629 288 696 turdi,
312 629 363 700 qui
389 644 454 684 cum
476 631 543 683 suut
565 627 676 682 uomina
696 642 809 694 mares,
831 642 933 683 reuera
958 624 1085 698 feminae
1106 642 1217 698 quaqua

97 739 178 805 aaut,
200 738 233 790 et
254 729 293 790 de
313 731 419 810 lingua
442 732 537 791 latina
556 729 606 788 IX
626 738 660 791 55
680 737 711 788 et
730 738 773 792 56.
808 731 855 789 Eo
878 729 974 806 magis
997 730 1112 802 mirum,
1136 729 1217 810 quod

98 837 219 897 Nonius
240 858 271 917 p.
292 845 355 912 229,
380 847 412 902 16
434 836 542 898 tradit:
565 835 683 894 ‘Turdi'
707 838 858 895 masculini
876 845 944 894 suut
963 841 1087 911 quaeris,
1109 843 1140 894 ut
1156 839 1218 909 ple·

92 962 224 1027 =rumque
259 948 361 1004 lactum
389 953 439 1003 est.
487 945 621 1018 seminini
658 945 751 1001 Varro
781 944 1022 1017 Quinquatribus:
1057 944 1105 1000 ‘tu
1128 944 1220 1017 pbedi

99 1059 187 1110 conta
209 1042 340 1127 (contrat
360 1054 467 1110 caudes
489 1052 578 1108 audes
600 1051 704 1116 dicere,
727 1067 792 1105 cum
815 1053 844 1107 ia
863 1052 979 1108 eborata
1001 1053 1072 1107 lecta
1093 1067 1128 1106 ac
1145 1067 1217 1121 pur-

47 1229 51 1237 ,
94 1174 193 1232 pareo
215 1160 420 1231 peristromata
447 1159 553 1215 cubare
586 1158 684 1213 uideas
710 1164 858 1229 aegrotum
884 1163 912 1213 et
936 1158 998 1212 sius
1018 1159 1101 1228 prius
1124 1157 1219 1212 aluum

100 1262 191 1338 quam
211 1269 300 1337 typam
324 1264 483 1321 subducere
508 1264 598 1319 malis.
642 1260 684 1318 Et
712 1270 839 1338 augetur
867 1260 1029 1321 difficultas
1057 1280 1109 1336 eo,
1137 1258 1218 1340 quod

99 1370 133 1427 in
161 1367 218 1427 illo
244 1367 417 1426 testimonio
445 1367 591 1428 Varronis
618 1387 657 1426 ne
676 1367 788 1444 legitur
810 1361 933 1446 quidem'
953 1364 1044 1424 bodie
1067 1374 1118 1424 aut
1138 1364 1219 1425 turdi

101 1483 157 1534 aut
183 1472 294 1534 tardae
317 1493 438 1532 nomen.
482 1471 573 1551 Quod
599 1473 708 1552 quibus
736 1471 883 1532 machinis
903 1471 1017 1530 inferre
1039 1473 1136 1531 critici
1156 1479 1217 1530 stu·
1244 1451 1247 1455 ’

102 1581 241 1655 duerint,
270 1598 389 1673 earum
401 1577 488 1637 nulla
516 1578 637 1656 stringit
655 1579 786 1637 animum
804 1576 1034 1656 probabilitate.
1074 1577 1156 1637 Nam
1175 1586 1218 1652 ty-

94 1703 159 1760 psu
181 1702 292 1743 vocem
318 1691 401 1742 certo
423 1683 507 1743 illam
528 1683 651 1763 quidem
673 1684 872 1763 depravatam
892 1703 984 1760 aegre
1006 1684 1079 1743 mihi
1096 1704 1219 1763 persua·

101 1790 209 1850 deo'e
234 1793 351 1848 turdum
380 1785 445 1866 (vel
467 1794 596 1867 turdum)
627 1799 724 1850 ortam
746 1809 824 1848 esse.
868 1790 936 1849 Nec
965 1789 1220 1875 quoleehlerus
1331 1868 1338 1876 .

100 1897 162 1957 hac
190 1896 367 1956 coniectura
396 1904 427 1954 tu
453 1899 546 1954 Pbcdi
568 1905 671 1955 contra
702 1899 804 1967 turdus
826 1898 916 1952 audes
938 1899 1034 1953 dicare
1056 1894 1114 1954 sibi
1137 1896 1221 1955 visus

103 2012 152 2064 eet
172 2002 370 2064 ‘sanavisse'
395 2001 512 2075 locum,
542 2021 600 2080 ego
626 2001 702 2061 illud
723 2001 866 2060 iudicium
889 2001 982 2060 facile
1004 1988 1129 2081 sequar,
1154 2020 1221 2060 cum

100 2131 141 2170 ne
172 2108 309 2171 Phedius
334 2105 457 2187 quidem
485 2108 543 2167 iste
570 2107 643 2167 mihi
668 2107 761 2167 valde
787 2106 1022 2167 commendetur.
1066 2107 1161 2167 Immo
1190 2109 1221 2166 in

100 2216 165 2276 illis
195 2202 405 2290 tupladicoataa
434 2215 509 2274 satis
533 2223 617 2274 certa
639 2234 769 2293 graecae
793 2213 878 2272 vocis
899 2215 1031 2291 vestigia
1053 2225 1221 2291 agnoscere

101 2320 222 2381 videor.
272 2318 392 2399 Quodsi
419 2328 522 2380 tamen
550 2320 684 2380 Noniani
710 2320 791 2378 illius
820 2320 985 2379 testimonii
1012 2320 1116 2401 aliqua
1143 2319 1220 2380 fides

102 2434 167 2502 esi,
194 2426 363 2487 Varronem
385 2424 531 2485 credibile
554 2434 601 2486 est
634 2431 748 2485 turdum
770 2426 915 2485 feminine
944 2425 1058 2485 dixisse
1085 2446 1121 2486 eo
1150 2447 1220 2485 acu-

101 2532 201 2606 mine,
239 2550 300 2611 quo
319 2532 455 2598 ‘Persius
486 2532 508 2591 l.
539 2530 678 2590 edixit
712 2549 764 2590 uec
800 2541 912 2592 tenuem
937 2537 1039 2592 sollers
1068 2537 1221 2592 turdarum

101 2654 188 2697 nossa
221 2618 350 2697 saiivam.
405 2636 497 2716 Quod
527 2657 655 2696 acumen
691 2635 729 2696 0.
761 2639 886 2699 Iahnius
925 2639 1046 2716 attingit
1080 2639 1120 2698 ad
1147 2640 1220 2698 Per-

103 2744 191 2804 sium.
235 2744 319 2804 Fieri
348 2751 451 2804 tamen
479 2753 596 2824 potest,
622 2751 656 2802 ut
687 2744 805 2805 Nonius
833 2754 978 2805 nontam
1005 2749 1107 2804 tardae
1131 2764 1223 2824 quam

100 2849 155 2909 vel
182 2853 313 2909 turdulos
336 2850 388 2910 vel
416 2854 563 2910 turdslicis
588 2851 759 2929 exemplum
787 2853 1010 2913 Varronianum
1036 2849 1220 2930 apposuerit.

102 2953 186 3017 Vide
214 2952 254 3014 de
277 2939 331 3014 illa
352 2976 430 3016 voce
455 2956 605 3016 Isidorum
630 2958 662 3016 in
692 2958 857 3035 originibus
880 2960 946 3019 XII
968 2968 1000 3032 7,
1023 2965 1073 3030 71,
1104 2955 1142 3014 de
1163 2956 1226 3024 hac

102 3062 275 3123 Varronem
303 3059 342 3121 de
365 3060 471 3139 lingua
494 3062 591 3121 latina
612 3064 658 3124 VI
682 3073 699 3124 2
722 3085 790 3124 oum
810 3064 878 3124 adn.
900 3061 1033 3124 Mulleri.
1079 3061 1223 3121 Ceterum
1260 3137 1264 3142 ἢ

103 3164 276 3226 admonitus
303 3167 371 3247 ipse
394 3168 432 3227 ab
451 3169 511 3229 Ed.
535 3168 690 3229 Liibberto
715 3169 883 3234 admonebo
907 3169 1000 3242 alios,
1029 3185 1170 3225 numeros
1191 3164 1223 3223 in

64 3346 68 3355 Ι
104 3291 141 3330 eo
165 3272 336 3348 fragmento
356 3273 454 3333 videri
476 3295 563 3349 esse,
588 3295 664 3356 quos
684 3279 836 3350 restituat,
860 3277 909 3334 cui
924 3282 1019 3334 toturn
1036 3271 1224 3331 enuntiatum

102 3374 304 3455 probabiliter
322 3379 487 3440 emendare
511 3381 683 3458 contigerit.

188 3482 345 3543 Luxuriae
364 3492 465 3546 autem
485 3486 620 3546 ciborum
641 3508 723 3549 more
746 3509 800 3548 suo
822 3491 920 3551 Varro
941 3485 1098 3567 pristinam
1121 3484 1221 3560 fruga-

102 3589 222 3649 litatem
245 3591 395 3668 opposuit.
424 3593 496 3653 Hoc
514 3595 551 3655 ir.
573 3596 639 3654 XII
661 3598 812 3673 arguitur:
836 3598 867 3656 in
882 3614 941 3675 quo
957 3591 1039 3672 quod
1054 3590 1092 3650 de
1107 3592 1222 3669 pistore

104 3693 224 3773 antiqui
244 3696 373 3756 nominis
395 3698 533 3775 traditur,
556 3702 655 3762 Varro
679 3704 770 3774 etiam
793 3701 831 3760 de
853 3703 918 3760 vita
938 3702 973 3760 P.
995 3700 1032 3757 R.
1056 3696 1108 3757 lib.
1132 3699 1149 3756 I
1171 3718 1221 3756 eo-

105 3799 175 3860 dem
193 3798 263 3860 loco
285 3801 378 3860 Nonii
391 3825 421 3882 p.
439 3815 505 3880 152,
531 3817 564 3870 14
584 3808 725 3886 protulit:
753 3826 805 3866 uec
822 3811 943 3883 pistoris
965 3821 1066 3864 nomeu
1088 3812 1154 3862 erat
1170 3807 1227 3861 nisi

103 3911 166 3966 eius
190 3911 243 3982 qui
262 3912 329 3967 ruri
352 3909 405 3983 sar
429 3915 577 3985 pinsebat,
603 3918 742 3972 nominati
762 3918 797 3973 ub
819 3933 851 3974 co
877 3918 953 3988 quod
967 3916 1097 3986 pinsant.
1141 3907 1224 3969 Add.

104 4013 224 4075 Plinius
247 4034 278 4072 n.
296 4014 327 4074 h.
349 4015 463 4075 XVIII
482 4016 502 4092 ξ
526 4024 585 4083 107.
632 4016 680 4079 Of.
704 4021 892 4079 Ritschelius
909 4020 1067 4097 Parergon
1082 4019 1098 4077 I
1113 4039 1143 4097 p.
1160 4026 1220 4082 371.

104 4128 167 4184 107.
204 4121 338 4181 Beckeri
355 4122 464 4183 Gallus
477 4124 511 4182 II
528 4134 585 4188 196.
630 4128 758 4183 Pristiuo
776 4127 935 4204 scriptura,
957 4145 1047 4204 quam
1068 4127 1100 4183 in
1118 4133 1221 4184 nostro

105 4227 279 4304 fragmento
301 4226 370 4286 libri
393 4229 533 4303 offerunt,
555 4250 629 4290 usus
653 4239 700 4289 est
716 4231 902 4292 Ritschelius
921 4234 993 4291 navi
1010 4231 1106 4291 musei
1121 4231 1220 4290 Rhen.

105 4332 170 4393 VlI
192 4352 224 4412 p.
246 4343 308 4395 555.
1132 4325 1135 4330 ’
