2760 4890
531 336 790 386 commeream.
1155 409 1159 415 Ι
1178 333 1216 393 71

100 490 345 577 Αιιῷαθοῐὶοηιιι
368 498 449 555 enim
477 494 673 568 vocabulum,
704 497 786 575 quod
810 500 978 575 praemissa
1005 502 1218 580 monosyllaba

61 611 67 622 '
99 623 179 663 voce
207 603 240 661 in
268 600 465 661 choriambici
497 602 631 680 speciem
660 601 821 673 coalescit,
853 602 960 662 eodem
988 605 1052 664 iure
1075 608 1217 683 feremus,

98 730 161 792 quo
198 729 291 789 supra
328 707 521 765 molossicum
555 713 586 764 et
620 706 855 767 choriambicum
886 708 1116 774 vindicavimus.
1167 716 1216 776 Of.

99 814 265 875 Bitschelii
298 811 516 893 prolegomena
545 811 584 870 ad
618 813 826 879 Trinummum
853 834 883 892 p.
915 832 1025 875 eexrn.
1072 820 1110 878 In
1136 822 1216 882 Roe.

98 922 167 1000 peri
188 928 291 979 autem
308 937 401 977 versu
423 937 483 975 nen
506 925 562 989 cst,
585 918 666 998 quod
685 927 736 978 erit
752 920 909 978 insuavem
926 924 1033 1014 uetalta’
1058 935 1217 985 accentum

98 1034 153 1084 aut
173 1022 405 1104 improbabilem
423 1020 583 1082 verborum
604 1025 833 1084 collocationem
853 1031 959 1085 aetala'
983 1046 1082 1101 aeque,
1107 1030 1216 1109 quibus

80 1112 165 1210 'ipse
187 1129 306 1189 diffisus
322 1137 380 1202 est,
402 1129 601 1205 exagitemus.
632 1133 738 1192 Tertio
759 1141 870 1205 autem,
893 1133 973 1212 quod
989 1135 1119 1194 maxime
1135 1156 1214 1194 com·

98 1235 239 1309 mendat,
268 1234 408 1314 exemplo
433 1233 670 1318 videamusque
694 1239 759 1298 iure
783 1238 959 1299 deminutivi
986 1242 1112 1300 formam
1140 1264 1159 1300 a
1179 1242 1214 1301 li-

97 1340 208 1401 brariis
230 1360 389 1421 perperam
415 1342 569 1401 invectam
596 1341 777 1405 detriverit·
807 1348 878 1406 Non
898 1345 973 1405 illud
993 1367 1110 1425 premo,
1134 1348 1215 1427 quod

97 1449 166 1527 ipsa
191 1447 272 1507 haec
298 1453 409 1509 vetulus
431 1482 473 1491 -
494 1453 620 1509 nouellue
642 1452 793 1528 copulatio
816 1453 1033 1512 deminutivum
1054 1451 1214 1532 utrobique

98 1556 175 1615 tueri
201 1555 352 1616 videatur.
396 1557 509 1615 Manca
537 1557 617 1615 enim
646 1559 850 1618 concinnitate
880 1557 961 1617 idem
988 1559 1085 1619 Varro
1114 1582 1213 1620 rerum

98 1662 280 1722 rusticarum
303 1649 380 1721 libro
405 1662 438 1719 ΙΙ
465 1672 499 1734 3,
529 1672 543 1724 l
581 1667 691 1721 nouella
715 1669 789 1722 euim
818 1684 903 1739 qaam
928 1674 1006 1724 aeteus
1025 1670 1124 1726 melior
1148 1668 1214 1738 (uti-

97 1776 183 1846 lior).·
205 1790 276 1830 cum
294 1768 407 1828 ibidem
427 1767 460 1825 ΙΙ
480 1779 512 1839 5,
535 1779 551 1829 5
575 1771 662 1825 tertia
684 1772 767 1828 boum
787 1776 975 1842 aucellarum,
1005 1782 1112 1847 quarta
1135 1783 1211 1834 aetu-

97 1882 200 1938 lcrum.
245 1874 309 1937 Sed
338 1874 437 1933 Varro
460 1874 580 1932 omnino
604 1876 826 1935 amantissimus
849 1887 894 1938 est
916 1899 1019 1939 earum
1039 1881 1211 1953 formarum,

98 1992 138 2058 ut,
160 1984 222 2045 nisi
243 2000 353 2059 cogare
374 1979 508 2052 ratione,
541 1980 619 2038 nolis
640 1981 668 2038 ei
688 2001 758 2039 snas
779 1981 904 2042 delicias
928 1983 1066 2044 demere:
1088 2007 1123 2045 ae
1144 2007 1210 2046 sae·

96 2090 163 2170 pius
183 2088 277 2149 video
304 2108 322 2145 a
342 2084 474 2144 librariis
496 2083 686 2145 oblitteratas
716 2106 768 2145 eas
793 2088 906 2148 formas
935 2110 1024 2168 quam
1051 2112 1212 2170 perperam

97 2195 209 2257 illatas.
254 2191 334 2255 Vide
361 2189 499 2271 quaeda
522 2200 643 2251 saturae
670 2200 829 2249 Panamara
855 2193 907 2253 frr.
936 2196 1053 2258 l-IV
1082 2197 1211 2258 diximus

96 2323 125 2383 p.
139 2310 176 2366 43
188 2310 218 2361 et
233 2309 278 2364 46.
307 2301 358 2359 Sic
380 2299 594 2357 Laclimannus
617 2297 655 2356 ad
670 2299 804 2358 Lucretii
821 2300 872 2358 III
887 2310 939 2364 628
957 2305 1052 2364 ascita
1063 2309 1211 2380 puellulae

97 2412 194 2469 forma
214 2428 270 2488 pro
285 2409 401 2481 puellae
423 2404 565 2464 librorum
587 2403 699 2463 nitidos
722 2405 872 2466 Sotadeos
894 2410 1034 2469 restituit.
1071 2410 1119 2470 Cf.
1137 2430 1208 2468 eun-

97 2515 163 2576 dem
186 2516 219 2575 in
242 2513 344 2572 indice
364 2511 434 2571 lect.
449 2509 552 2570 Berol.
568 2511 629 2571 lrib.
647 2530 897 2573 neccarum—u
916 2536 947 2595 p.
961 2528 987 2578 5.
1024 2516 1071 2575 Ac
1090 2517 1209 2595 Roepe-

97 2642 145 2681 rns
165 2621 235 2701 ipse
256 2618 303 2678 bis
325 2620 356 2677 in
378 2626 554 2683 Sasomanxrs
575 2619 724 2692 versibus,
750 2640 824 2700 quos
846 2620 984 2701 putabat,
1008 2621 1210 2681 deminutivas

97 2728 219 2801 ascivit,
248 2725 358 2786 iniuria
384 2725 426 2784 ihi
455 2725 592 2804 quidem,
622 2735 654 2784 ut
681 2725 720 2784 ad
743 2745 810 2784 cam
832 2734 965 2785 saturam
990 2727 1097 2786 dicam.
1142 2728 1209 2788 Nec
1319 2736 1332 2759 ·

96 2833 126 2892 in
146 2832 288 2893 versibus
309 2840 440 2904 tantum,
467 2832 523 2892 sed
544 2834 636 2892 etiarn
658 2834 689 2891 in
711 2831 847 2912 pedestri
868 2852 1007 2891 sermone
1028 2832 1126 2893 Varro
1149 2834 1208 2892 fre-

97 2939 250 3020 quentiori.
269 2936 521 2998 deminutivorum
547 2940 615 2997 usui
639 2937 774 2996 indulsit.
819 2937 870 2995 Sic
898 2937 951 2997 ille
975 2938 1056 3017 apud
1077 2939 1208 2998 Nonium

96 3066 125 3125 p.
147 3055 216 3119 550,
235 3056 253 3107 5
279 3044 311 3102 iu
339 3044 425 3105 libris
448 3044 487 3105 de
507 3046 571 3104 vita
595 3045 700 3124 populi
722 3045 865 3104 Romani:
891 3050 1075 3121 propinquae
1097 3051 1209 3106 adeeler-

95 3156 225 3213 centulae
245 3156 331 3211 etiam
353 3154 541 3220 anthr-aetate,
562 3170 726 3226 pacatumue
749 3155 871 3211 (amiculo
894 3155 1010 3227 uipello,
1039 3159 1144 3228 capillo
1166 3159 1207 3212 di-

97 3263 179 3317 mieae
199 3266 392 3332 aequarentur
414 3261 530 3316 laetum.
563 3257 610 3317 Of.
629 3258 747 3317 Nonius
767 3280 797 3338 p.
814 3267 874 3330 548,
892 3268 936 3321 30.
981 3259 1084 3318 Nihilo
1107 3268 1209 3319 tamen

96 3365 193 3424 minus
215 3364 393 3443 Roeperus‚
422 3382 489 3421 cum
512 3361 559 3423 bis
582 3362 662 3442 apud
681 3365 849 3423 Varronem
870 3363 947 3421 haec
970 3364 1083 3422 locutio
1106 3370 1207 3424 tacitu-

95 3474 139 3529 laa
159 3473 253 3529 tanaim
275 3466 397 3528 obviam
418 3468 486 3541 fiat,
515 3468 674 3548 utrobique
703 3470 822 3548 reponit
841 3474 945 3528 tacitus
966 3474 1071 3541 tanaim,
1103 3480 1136 3529 ut
1160 3482 1208 3531 est

96 3576 176 3657 apud
194 3575 395 3656 Pomponium
415 3576 447 3634 in
468 3575 612 3635 Buccone
635 3573 780 3654 adoptato
803 3597 834 3655 p.
854 3584 912 3649 178,
935 3584 970 3638 20
987 3576 1088 3649 Nonii,
1109 3598 1139 3656 p.
1158 3587 1208 3641 193

93 3683 183 3744 Ribb.
216 3681 447 3742 vindicavimus
488 3702 580 3762 supra
612 3682 740 3741 alterum
775 3681 961 3760 exemplum,
999 3683 1030 3741 in
1058 3704 1117 3763 quo
1144 3705 1206 3743 non

94 3810 218 3862 vercor,
251 3808 290 3848 ne
318 3790 385 3869 quis
408 3797 534 3868 propter
555 3795 696 3848 taciturus
718 3790 896 3868 scripturam
919 3789 1057 3848 codicum
1079 3791 1206 3849 nonnul-

93 3895 189 3956 lorum
210 3894 248 3956 de
270 3895 400 3955 veritate
419 3896 558 3955 lectionis
581 3900 715 3955 tacitulas
735 3892 902 3954 addubitet.
947 3894 1085 3956 Alterum
1106 3919 1206 3957 exem·

93 4000 177 4081 plum
206 4000 265 4060 hoc
294 4010 341 4061 est
370 4022 386 4061 e
416 4006 501 4058 Momo
524 4001 605 4081 apud
630 4001 762 4060 Nonium
783 4019 813 4077 p.
836 4010 903 4072 550,
926 4008 957 4063 17
990 4006 1066 4061 boae
1088 4007 1207 4061 eandem

95 4112 265 4182 uoluptatem
301 4110 438 4166 tacitulas
469 4111 560 4165 taaim
594 4111 731 4181 consequi
759 4109 867 4179 lupatio
899 4115 927 4163 et
962 4112 1056 4165 tisaua
1081 4126 1205 4180 possum.

94 4213 189 4273 Cuius
214 4221 334 4292 partem
363 4232 430 4272 eum
452 4213 623 4273 Meinehius
646 4213 679 4271 in
701 4211 866 4290 septenarii
888 4213 1015 4270 formam
1036 4211 1206 4287 redegisset

92 4321 152 4381 boc
172 4319 279 4380 modo:
