2760 4890
216 176 230 219 l

190 332 231 395 82
619 347 876 398 conlucremur.

189 516 252 564 tum
273 511 303 564 in
322 506 383 583 (m).
418 506 508 566 Cuius
533 508 642 566 erroris
664 528 787 588 compar
808 509 980 586 exemplum
1003 511 1106 582 affero,
1134 529 1193 588 quo
1219 511 1310 569 simul

190 613 318 672 alterum
352 614 498 673 Varronis
529 614 732 691 fragmentum
752 615 956 675 ,emendatius
981 616 1121 675 scribam.
1165 618 1204 675 In
1228 625 1310 676 Vmo-

191 742 283 779 normu
301 721 384 779 enim
407 722 577 800 fragmento
600 724 688 781 unico
711 724 779 802 ipsa
801 723 989 781 concinnitas
1014 724 1108 800 exigit
1130 726 1174 783 ita
1198 725 1310 785 scribi:

190 830 303 886 Etenim
332 833 373 887 sia
400 833 478 886 vide:
508 839 605 887 utrum
636 827 667 906 [a
694 827 751 905 me]
777 832 935 886 mercedem
958 835 1065 904 accipit
1085 836 1124 902 is,
1157 837 1212 908 qui
1230 851 1311 892 meas

190 939 265 992 canit
294 939 396 1009 segetis
427 945 460 994 ut
486 941 609 1006 sarriet,
638 955 676 993 an
702 953 753 1010 ego
777 940 812 994 ab
833 941 900 994 illo?
944 937 1052 1009 Segetis
1074 939 1186 1013 forma,
1220 961 1312 1020 quarn

190 1039 259 1120 libri
286 1040 435 1119 praebent
459 1040 554 1119 (Non.
577 1064 606 1121 p.
625 1050 652 1115 8,
675 1047 715 1118 2),
737 1041 808 1100 addi
835 1052 936 1120 potest
955 1043 1007 1117 iis,
1041 1065 1117 1122 quas
1136 1045 1310 1105 Lachman·
1344 1117 1353 1138 Ι

191 1167 246 1205 nus
277 1147 316 1206 ad
344 1147 480 1206 Lucretii
507 1149 523 1206 I
548 1159 599 1211 805
630 1169 660 1227 p.
690 1155 723 1210 57
749 1167 787 1206 ex
817 1147 924 1207 eodem
945 1150 1045 1209 Nonio
1070 1154 1174 1226 affert,
1207 1159 1311 1230 sepelis

192 1252 336 1328 Vergilii,
360 1258 458 1327 tepetis
480 1255 635 1329 Varronis,
658 1257 749 1311 uelitis
771 1252 909 1314 Sallustii
933 1265 963 1315 et
984 1258 1141 1319 Varronis
1188 1260 1252 1320 Sed
1274 1262 1310 1320 il·
1368 1250 1372 1258 ⁴

192 1360 245 1419 lud
274 1345 476 1437 fragmentum
510 1361 666 1421 commode
696 1360 837 1436 admonet
865 1362 1007 1438 alterius,
1034 1365 1118 1423 cuius
1140 1366 1312 1442 integritati

194 1464 350 1525 consimile
377 1464 568 1527 librariorum
592 1467 737 1527 delictum
760 1467 875 1529 offecit·
916 1469 1046 1531 Saturae
1068 1469 1167 1546 enim,
1192 1474 1241 1531 cui
1266 1475 1310 1532 in-

195 1573 336 1652 scribitur
363 1582 508 1632 Tmoarrnc
525 1583 684 1648 Tmurmoc,
714 1574 752 1632 fr.
774 1583 791 1636 3
812 1594 828 1633 e
850 1575 943 1634 Nonii
963 1577 1059 1648 libris¹
1076 1599 1106 1658 p.
1127 1588 1195 1654 410,
1221 1570 1313 1640 lita

193 1680 319 1757 prodiit:
342 1682 470 1741 ‘Tristis'
493 1688 600 1768 doetus.
645 1684 738 1740 Varro
764 1683 902 1756 Trifodite
919 1729 925 1740 .
943 1709 971 1741 .:
990 1689 1063 1744 illud
1082 1703 1149 1743 uero
1165 1669 1310 1759 quondam

195 1805 282 1859 meae,
305 1798 337 1846 ut
351 1807 401 1864 ego
417 1809 472 1848 non
495 1797 618 1873 metuam
631 1790 752 1863 fulmen,
775 1807 832 1846 nou
853 1795 1015 1864 aruspicem
1035 1797 1152 1862 tristem,
1175 1797 1263 1850 sinaut
1278 1813 1313 1850 uc

195 1898 329 1954 dici‘non
352 1914 468 1970 quaero.
508 1880 736 1972 ‘Fragmentum
760 1895 1029 1972 corruptissimum'
1055 1898 1128 1957 dicit
1146 1895 1311 1972 Oehlerus,

196 2002 258 2061 ‘cui
280 2001 467 2060 commodam
488 2001 671 2060 medicinam
700 2021 760 2059 non
782 2000 917 2060 habeat?
961 2004 1064 2063 Nihilo
1087 2015 1189 2063 tamen
1213 2005 1312 2063 minus

198 2129 236 2168 ex
259 2129 315 2167 sua
334 2117 364 2167 et
383 2110 520 2187 Popmaa
544 2109 718 2171 coniectura
739 2107 876 2166 refictum
897 2108 941 2167 ita
959 2113 1124 2189 expressit:
1154 2115 1227 2170 iilud
1245 2131 1313 2171 vero

197 2223 340 2291 quondam
368 2220 425 2290 cai,
460 2224 493 2273 ut
521 2233 571 2290 eya
597 2261 604 2274 .
634 2262 640 2273 .
669 2262 674 2273 .
699 2220 824 2272 tristem:
858 2218 998 2272 simulans
1021 2220 1080 2274 dici
1105 2236 1162 2274 non
1191 2235 1312 2291 quaero.

199 2324 316 2402 Quibus
344 2342 454 2383 vereor
475 2342 514 2380 ne
534 2323 610 2381 nihil
633 2321 829 2394 emendetur,
849 2331 1077 2400 corrumpantur
1100 2331 1203 2383 autem
1221 2326 1314 2383 etiam

198 2451 277 2510 quae
305 2451 381 2490 sana
410 2437 440 2486 et
466 2428 677 2506 integrasint.
722 2428 828 2505 Longe
855 2426 918 2486 illis
946 2429 1166 2489 consideratius
1195 2430 1313 2490 Stewe·

199 2537 284 2595 chius
308 2536 427 2594 scribit:
461 2540 532 2593 illud
553 2553 620 2593 uero
642 2539 784 2609 quondam
804 2539 898 2594 animo
919 2554 979 2594 meo
1001 2541 1091 2607 sedet,
1110 2546 1149 2595 ut.
1195 2537 1316 2613 Tetigit

198 2644 251 2701 ille
273 2643 464 2715 sententiam,
488 2663 578 2721 quam
596 2643 699 2720 paullo
717 2641 830 2701 rectius
854 2652 885 2701 et
906 2644 1029 2722 propius
1050 2663 1068 2701 a
1089 2642 1204 2702 tradita
1219 2644 1314 2721 scrip·

200 2760 267 2809 tura
294 2752 337 2808 ita
364 2748 494 2824 refingo:
524 2751 595 2805 illud
621 2767 687 2806 nero
708 2753 784 2822 quod
806 2747 928 2825 andane]
953 2767 1041 2818 meae,
1065 2758 1106 2806 uti
1150 2749 1314 2808 Leidensis

201 2857 279 2915 enim
307 2864 337 2916 et
367 2855 558 2916 Genevensis
583 2857 718 2930 quodam,
741 2874 802 2911 non
821 2859 979 2926 quondam,
1003 2864 1036 2912 ut
1056 2855 1180 2933 reliquit
1223 2856 1314 2933 Desil-

201 2963 323 3021 deratur
353 2971 454 3023 autem
479 2964 531 3023 vel
557 2965 601 3022 sic
630 2960 774 3034 verbum,
810 2961 891 3020 unde
922 2962 1079 3041 pendeant
1099 2960 1177 3018 haec
1200 2966 1315 3019 animae

200 3087 287 3126 merie.
332 3071 393 3128 Pro
409 3070 572 3129 Stewechii
592 3074 672 3128 sedet
690 3068 770 3127 malo
791 3072 901 3139 insidet,
924 3088 991 3127 cum
1012 3067 1108 3127 verba
1129 3068 1161 3125 in
1183 3069 1314 3126 trochai-

201 3196 303 3234 corum
323 3196 461 3236 numeros
485 3177 565 3235 coire
585 3175 723 3235 videam:

703 3332 776 3386 illud
797 3328 864 3386 uero
885 3333 962 3403 quod
982 3328 1098 3386 artinaae'
1117 3345 1197 3385 meae

354 3414 507 3513 [insidet],
529 3446 560 3494 ut
579 3437 629 3511 e'yo
651 3455 707 3494 raon
728 3445 851 3493 metuam
870 3436 991 3508 fulmen,
1011 3454 1067 3492 non
1089 3436 1253 3506 (antispirem

356 3543 475 3600 Tristem
496 3547 635 3601 simulac
658 3544 716 3601 dici
735 3562 791 3601 non
814 3559 931 3615 quaero.

160 3774 163 3779 ,
204 3714 295 3769 Simul
316 3729 351 3768 ac
379 3715 446 3770 dicit
467 3713 584 3786 malim,
615 3722 648 3771 ut
669 3712 747 3771 haec
771 3732 838 3769 cum
858 3716 966 3769 tristem
988 3729 1065 3768 voce
1089 3709 1251 3768 coniuncta
1269 3730 1315 3767 ru-

203 3828 276 3896 gata
307 3819 421 3891 fronte,
455 3838 522 3876 cum
558 3819 681 3876 oracula
707 3836 763 3875 sua
787 3826 906 3889 cantat,
939 3799 1110 3894 aruspicem
1137 3816 1315 3893 designent:

204 3926 293 3984 modo
325 3926 438 4003 possim
469 3907 607 4003 proxima
635 3945 691 3982 aion
717 3942 826 3998 qrauero
855 3932 905 3982 aut
931 3921 1093 3982 emendare
1118 3921 1319 4002 probabiliter

205 4041 257 4090 aut
285 4031 453 4110 explicare:
484 4050 563 4088 nunc
590 4050 656 4088 cum
680 4031 808 4111 abrupta
830 4033 869 4089 sit
892 4029 1058 4102 sententia,
1088 4028 1259 4108 praestabit
1283 4049 1319 4087 ea

204 4138 320 4197 intacta
347 4138 529 4220 relinquere.
573 4137 656 4196 Illud
690 4149 792 4218 alitem
817 4138 898 4218 quod
925 4142 1028 4195 insidet
1056 4137 1206 4216 producta
1234 4137 1319 4194 finali

204 4245 309 4319 intuli,
335 4268 394 4305 non
424 4254 471 4304 est
498 4244 578 4323 quod
600 4245 691 4304 hodio
714 4255 892 4319 excusetur,
927 4265 965 4303 ex
986 4265 1045 4324 quo
1068 4244 1106 4302 de
1123 4243 1181 4301 hoc
1205 4263 1318 4320 genere

206 4355 286 4411 omni
305 4375 323 4412 a
343 4352 511 4412 Ritschelio
535 4352 635 4411 edocti
658 4373 769 4415 sumus,
803 4353 870 4411 Nec
893 4349 996 4410 dubito
1018 4371 1085 4409 cum
1105 4351 1227 4427 gemina
1249 4371 1318 4428 prc-
