2760 4890
467 321 470 325 “
539 333 796 385 enumerarat.
1168 324 1226 385 115

107 503 163 558 419
184 514 249 576 sq.;
278 494 448 574 praemissa
470 503 573 555 autem
594 492 709 574 duplici
730 513 745 553 r
769 495 879 553 initiali
899 514 915 555 e
936 495 1040 555 littera
1059 495 1151 554 adid
1173 516 1225 573 ge-

107 616 166 655 nus
188 600 332 676 pertinet,
354 586 438 680 quod
456 603 578 681 saepius
595 603 696 680 tetigi:
718 602 781 663 vid.
797 624 827 682 p.
843 611 886 665 28.
902 611 945 666 49.
970 601 1121 663 Graecam
1137 623 1225 662 accu-

109 705 203 764 aativi
220 706 350 768 formam
370 708 453 791 quod
472 708 631 790 Roeperus
649 707 757 768 ductus
770 708 823 768 ille
839 707 962 789 quidem
975 711 1112 782 metrica,
1136 730 1227 789 quam

108 811 192 871 infra
210 811 326 888 dicam,
352 817 471 875 ratione
499 814 639 887 sustulit,
666 835 774 893 parum
800 813 990 874 considerate
1011 816 1074 892 egit
1095 816 1127 873 in
1148 816 1225 876 Var-

108 938 201 993 rone,
224 921 294 999 qui,
320 931 355 981 ut
374 942 475 1001 pauca
496 921 535 982 de
560 920 661 980 multis
684 920 826 993 delibem,
850 920 955 979 maluit
976 925 1082 980 Atticas
1100 926 1227 997 philoso-

106 1027 210 1099 phiae,
238 1029 366 1087 choreae
393 1032 534 1098 actricem
558 1031 713 1103 physicen,
744 1030 881 1101 Delphice
906 1033 1053 1099 calamna,
1084 1031 1225 1104 Odyssian

110 1151 204 1210 quam
229 1134 395 1195 earundem
419 1155 529 1195 vocum
554 1135 667 1193 formas
695 1134 807 1192 latinas
831 1117 962 1193 efferre..
994 1142 1112 1196 moriare
1133 1136 1225 1196 libro-

110 1258 177 1297 rum
206 1259 274 1299 cum
299 1249 382 1300 stare
404 1251 554 1320 nequeat,
590 1241 746 1319 Scaliger,
781 1262 840 1321 quo
865 1241 941 1300 nihil
961 1244 1127 1321 proclivius
1150 1255 1225 1317 erat,

110 1351 251 1406 munisse
278 1347 428 1426 reposuit,
458 1356 493 1417 ut
518 1348 549 1405 in
578 1341 667 1407 ‘sinrili
692 1368 786 1406 causa
815 1347 895 1406 idem
923 1349 1021 1409 Varro
1048 1354 1117 1413 loco
1146 1353 1227 1411 infra

112 1452 250 1513 citando:
274 1457 430 1512 dextimom
453 1464 526 1512 viram
548 1445 638 1513 masnil
658 1459 813 1528 Epicurus.
857 1453 925 1512 Nee
948 1455 1030 1532 quod
1051 1457 1093 1516 ibi
1113 1458 1227 1516 nullum

111 1559 250 1620 inlibris
273 1560 450 1638 antiquioris
472 1562 640 1640 scripturae
655 1561 817 1636 vestigium
837 1573 975 1640 apparet,
999 1583 1143 1641 spernere
1159 1584 1227 1623 eam

80 1670 85 1679 '
111 1673 215 1725 nostro
238 1666 306 1725 loeo
332 1664 465 1725 debebat
493 1666 667 1744 Roeperus,
697 1669 748 1746 qui
780 1668 847 1746 ipse
876 1689 937 1727 non
966 1669 1075 1729 inscite
1103 1670 1239 1750 quidem'

111 1775 252 1831 melincta
283 1773 483 1848 excogitavit,
519 1773 568 1830 cui
591 1781 693 1831 tamen
715 1773 791 1831 illud
814 1783 844 1832 et
864 1794 922 1834 usu
945 1785 976 1834 et
994 1777 1116 1835 notione
1138 1797 1226 1855 prae·

111 1886 193 1937 stare
221 1877 366 1937 arbitror:
401 1897 437 1935 ac
457 1887 553 1936 metro
582 1886 703 1955 poterat
720 1877 798 1937 haec
821 1864 918 1937 forma
940 1886 1106 1940 ruoenivirre
1129 1902 1227 1962 aeque

112 2004 149 2043 ac
170 1989 312 2044 molirirre
326 1984 568 2047 accommodari.
602 1982 705 2062 Atque
727 1985 804 2073 hacc
822 1986 944 2064 quidem
958 2008 1029 2066 pars
1046 1991 1226 2059 sententiae,

113 2102 257 2172 quaeest
279 2091 318 2150 de
341 2093 481 2164 Zenone,
503 2090 597 2170 plana
621 2111 656 2148 ac
678 2092 842 2169 perspicua
864 2101 927 2154 est:
951 2113 987 2152 eo
1009 2096 1105 2170 magis
1128 2095 1226 2174 impli-

114 2205 183 2256 cata
208 2196 366 2258 alterode
390 2197 559 2258 (lanreade.
604 2198 726 2255 Etenim
748 2202 934 2258 desubulasse
955 2221 1027 2259 num
1049 2221 1162 2260 verum·
1178 2204 1227 2273 sit,

114 2303 328 2376 etsiverum,
351 2305 424 2384 quid
446 2305 576 2363 maxime
600 2303 760 2379 significet,
784 2305 954 2383 ambigitur.
993 2307 1042 2365 De
1065 2304 1117 2362 illo
1140 2303 1228 2363 nobis

113 2410 206 2469 otium
227 2410 303 2469 feeit
325 2409 499 2487 Roeperus,
526 2411 577 2490 qui
599 2412 783 2468 acrabittene
808 2421 913 2470 contra
936 2411 1085 2488 Scaligeri
1107 2415 1228 2469 derebu-

112 2520 187 2575 lasse
216 2517 340 2596 copiose
369 2514 522 2575 defendit:
552 2518 610 2575 nisi
637 2516 719 2594 quod
744 2515 782 2576 de
804 2517 929 2577 sabulae
953 2539 1009 2578 usu
1032 2518 1071 2577 ad
1091 2527 1227 2577 sternen-

114 2621 184 2688 dum
206 2621 329 2680 humum
347 2620 399 2680 vel
418 2623 485 2681 vias
505 2624 675 2702 paviendas
697 2624 825 2681 erravit:
850 2626 889 2682 cf.
911 2627 1057 2686 Varronis
1080 2634 1154 2699 Taua
1174 2634 1228 2683 Mr-

113 2749 214 2786 unrner
236 2728 275 2787 fr.
294 2737 336 2790 al.
381 2728 544 2789 Notionem
572 2739 673 2789 autem
696 2733 886 2789 desrrbulondr'
907 2753 1014 2810 parum
1038 2735 1176 2812 apposite
1199 2744 1231 2793 et

112 2844 145 2893 ut
170 2854 213 2893 ne
238 2833 296 2893 sibi
319 2835 441 2915 quidem
467 2837 526 2916 ipsi
556 2836 730 2894 constitisse
759 2835 900 2894 videatur
932 2838 1086 2916 explicuit.
1131 2841 1229 2900 Recte

113 2941 153 3000 de
177 2939 305 3001 subulae
329 2941 427 3000 forma
449 2952 480 3002 ¹et
501 2962 558 3002 usu
586 2943 645 3017 hec
669 2963 686 3001 e
707 2944 888 3003 testimoniis
911 2944 1091 3023 quibusdam
1116 2949 1244 3020 elicuit-

112 3049 346 3109 instrumentum
367 3049 463 3108 fuisse
484 3069 500 3107 e
518 3068 631 3124 genere
648 3050 849 3109 marculorum
864 3051 915 3109 vel
931 3050 1117 3127 malleorum,
1140 3072 1228 3132 prae·

113 3164 237 3215 acutum
262 3164 294 3215 et
320 3161 481 3214 rostratum
503 3176 539 3213 ac
561 3156 625 3213 fere
645 3154 685 3214 ad
705 3155 831 3215 subulae
852 3158 985 3216 sutoriae
1005 3160 1229 3219 similitudinem

113 3238 283 3333 accedens,
309 3282 369 3342 quo
396 3270 552 3320 uterentur
581 3262 620 3320 ad
646 3261 795 3320 dolandos
816 3261 952 3340 lapidee,
977 3273 1139 3345 antequam
1160 3287 1228 3343 pos·

113 3375 183 3427 sent
204 3366 345 3444 levigari.
391 3368 489 3447 Quem
513 3370 634 3449 quidem
656 3389 742 3428 usum
765 3369 900 3438 subulae,
925 3388 983 3446 quo
1005 3392 1122 3430 omnem
1143 3392 1228 3430 suam

112 3474 180 3551 regi
211 3473 446 3553 explicationem
476 3478 634 3555 Roeperus
662 3476 774 3549 voluit,
808 3478 851 3534 ita
885 3495 1032 3552 agnosco,
1069 3487 1113 3536 ut¹
1129 3479 1229 3556 quivis

112 3580 202 3654 elius,
226 3581 276 3641 cui
298 3589 401 3661 aptum
426 3583 465 3640 sit
485 3584 733 3655 instrumentum,
757 3581 1038 3642 non-excludatur:
1059 3578 1229 3657 iisdemque

112 3686 226 3747 finibus
250 3687 311 3746 vim
333 3686 537 3747 desubulandi
560 3688 767 3748 circumscribi
789 3698 925 3768 oportet,
960 3696 993 3745 ut
1013 3686 1073 3743 iam
1092 3683 1131 3743 de
1154 3692 1228 3742 ster·

112 3793 217 3854 nenda
244 3792 296 3853 vel
331 3794 554 3874 complananda
581 3797 633 3855 via
662 3797 787 3872 cogitari
813 3814 872 3852 non
899 3792 1019 3851 debeat.
1070 3790 1229 3868 Roeperus

113 3901 208 3961 etiam
224 3900 318 3960 Nonii
338 3886 572 3979 explicationem
591 3923 659 3961 esse
677 3901 874 3962 reiicicndam
895 3899 1016 3978 putavit
1033 3897 1230 3954 ‘desubulare'

108 4009 285 4083 perfodere,
317 4027 408 4087 quam
434 4017 486 4066 aut
514 4030 616 4069 errore
638 4009 731 4068 Nonii
755 4018 851 4065 ortam
871 4016 922 4065 aut
944 4024 1083 4065 maneam
1105 4010 1157 4060 aut
1177 4001 1229 4059 de-

112 4122 275 4194 pravatam
302 4132 370 4173 esse
397 4112 568 4172 arbitratur.
614 4113 702 4192 Quae
727 4114 832 4192 reponi
858 4113 967 4171 suadet
1000 4113 1149 4184 perpolire
1177 4106 1229 4167 vel

107 4224 285 4295 perdelere,
309 4240 346 4280 ea
367 4229 400 4278 ut
421 4240 461 4279 ne
483 4220 578 4298 ipsius
602 4220 725 4299 quidem
748 4220 943 4298 explicationi
964 4218 1162 4287 conveniunt,
1185 4217 1229 4272 ita

110 4336 229 4389 temere
252 4325 359 4387 inferri
387 4327 460 4386 mihi
474 4326 642 4399 uidentur,
672 4346 740 4384 cum
764 4337 795 4385 et
817 4327 913 4404 possit
934 4328 1107 4383 desubrrlere
1127 4324 1227 4399 perso·

983 4423 1025 4485 8.
