2760 4890
428 412 431 420 ,
534 358 792 407 couracrauna.
916 375 920 381 ·
1159 344 1219 405 153

104 520 219 580 eausa'
246 528 309 578 tum
328 527 361 578 ut
381 519 452 577 lites
475 526 705 598 componerent:
735 519 774 576 cf.
797 516 932 576 Macrob.
958 519 978 576 l.
1003 537 1030 575 c.
1055 514 1074 591 ἕ
1097 527 1132 579 30
1153 537 1220 575 cum

52 704 58 713 .
103 627 176 686 adn.
203 627 282 686 Iani.
332 624 417 703 Quas
448 624 571 704 quidem
604 624 676 682 lites
708 625 805 683 Varro
833 622 1005 681 subindicat
1033 642 1088 681 sua
1119 629 1221 681 aetate
1272 697 1278 703 ι

103 734 171 792 fere
199 733 232 791 in
254 731 422 795 calumnias
444 732 589 803 vertisse,
622 727 731 810 quibus
752 726 896 787 ‘seientes
920 728 1146 808 prudentesque
1166 750 1221 808 per

103 838 245 898 fraudem
278 838 356 897 alius
391 838 444 897 alii
480 836 605 914 negotia
636 837 848 895 facesserent'.
898 835 1007 912 Itaque
1039 834 1112 892 licet
1141 856 1221 894 nunc

102 944 209 1024 paullo
236 943 406 1023 pleniorem
435 940 749 1021 comprehensionem,
787 939 867 998 unde
891 939 967 997 illud
994 949 1144 1018 sumptum
1174 950 1222 1000 est

102 1051 322 1127 fragmentum,
349 1047 408 1107 hoc
436 1047 525 1107 modo
552 1047 675 1106 efferre:
708 1048 894 1121 Confluebant
915 1050 979 1105 olim
999 1047 1119 1102 Romam
1140 1058 1220 1121 ψαμ-

102 1146 259 1232 μακόσιοι,
281 1174 338 1213 aon
356 1158 407 1229 qui
426 1158 456 1212 in
478 1157 549 1213 urbe
568 1158 644 1212 inter
660 1156 819 1211 nundinam
835 1156 1093 1222 οαῖκκιιτίονοκτατ,
1112 1158 1223 1213 sedvel

102 1267 143 1320 od
160 1266 349 1321 mercandum
370 1266 413 1321 acl
432 1263 605 1334 accipienda
620 1259 704 1317 ‘scita
718 1267 803 1333 arque
815 1260 967 1329 consulta',
984 1263 1028 1318 vel
1042 1263 1163 1334 denique
1179 1270 1220 1335 ut,

101 1371 129 1425 ri
148 1384 224 1441 quoe
246 1375 342 1426 essent
362 1371 434 1438 lites,
454 1383 504 1425 eas
526 1385 590 1425 οαιιι
611 1368 678 1441 fide,
701 1384 758 1422 non
778 1383 836 1438 per
854 1366 992 1438 fraudem
1012 1376 1041 1423 et
1062 1357 1222 1425 calumnias

101 1476 264 1547 acciperent.
301 1471 389 1550 Quae
407 1473 434 1531 si
455 1492 516 1530 non
540 1469 780 1549 improbabiliter
803 1470 945 1550 explicui,
969 1473 1026 1532 erit
1046 1474 1099 1553 qui
1120 1496 1167 1535 me
1184 1497 1221 1535 ea

101 1576 269 1650 hocloco,
296 1576 347 1638 ubi
369 1578 408 1637 de
428 1577 563 1637 ciborum
580 1576 699 1635 luxuria
721 1576 771 1653 agi
793 1575 949 1654 praedixi,
971 1580 1110 1655 posuisse
1132 1582 1219 1642 mire·
1241 1630 1244 1635 .
1338 1614 1350 1629 ·

102 1691 161 1743 tur.
208 1681 301 1760 Quod
321 1691 424 1742 tamen
446 1703 495 1742 me
517 1703 579 1741 non
601 1683 666 1742 siue
688 1683 807 1767 ratione
831 1683 1000 1743 instituisse
1028 1708 1097 1746 mox
1126 1709 1219 1768 appa·

101 1789 199 1863 rebit,
234 1789 286 1849 ubi
304 1790 349 1849 fr.
379 1789 428 1848 XI
462 1799 492 1850 et
517 1788 706 1848 emendatius
736 1791 886 1868 scripsero
912 1798 943 1848 et
972 1811 1038 1850 curn
1069 1793 1121 1851 illo
1150 1815 1219 1853 con·
1315 1786 1319 1792 ’

101 1895 235 1956 iunetius
254 1895 350 1954 firiaco
372 1895 504 1954 evicero.
534 1895 656 1969 Etenim
675 1897 719 1954 sic
737 1896 803 1955 fere
818 1896 922 1968 verba,
945 1906 977 1955 ut
995 1899 1219 1978 suprascripsi,

102 2005 136 2063 in
156 2000 244 2061 libris
265 2001 359 2060 Nonii
373 2022 403 2080 p.
426 2011 471 2074 48,
494 2010 527 2064 18
545 1999 708 2060 habentur:
731 2004 790 2061 nisi
812 2002 893 2081 quod
915 2003 1026 2062 leviter
1048 2013 1219 2083 corruptum

101 2129 222 2169 ακιτοκο
242 2106 396 2168 exhibent.
440 2108 610 2167 Monstrum
629 2128 782 2184 graecum,
806 2109 888 2188 quod
907 2109 992 2168 initio
1016 2083 1073 2181 est,
1096 2108 1219 2169 domare

100 2215 190 2276 multi
209 2214 312 2274 eonati
332 2222 417 2286 sunt,
440 2213 571 2284 infelici,
594 2221 628 2272 ut
651 2213 723 2273 mihi
743 2214 874 2289 videtur,
898 2235 1053 2274 successu.
1097 2215 1136 2273 In
1159 2236 1218 2294 quo

101 2323 155 2403 qui
170 2329 297 2402 partem
316 2319 522 2397 inscriptionis
545 2329 723 2396 agnoscunt,
747 2321 851 2380 fallaci
875 2321 977 2399 speeie
999 2328 1137 2381 utuntur:
1159 2344 1217 2382 nec

102 2428 230 2487 multum
261 2426 367 2507 profici
401 2424 442 2485 ad
473 2425 635 2484 veritatem
662 2425 789 2485 arbitror
823 2434 875 2486 aut
901 2427 1004 2485 Rothii
1037 2429 1219 2490 coniecturis

101 2522 261 2594 ἇτόλαντοι
284 2520 325 2602 ὦς
351 2531 404 2591 vel
429 2531 574 2602 παντοίως
601 2535 706 2591 edoces
724 2542 775 2592 aut
798 2532 924 2615 Oehleri
950 2543 978 2592 et
998 2522 1220 2610 ἀπαντήσουσιν

101 2645 208 2700 edoces
228 2637 280 2697 vel
297 2625 319 2713 ri
332 2624 505 2696 τἰτταλῶνται
525 2633 595 2708 ἴσως
615 2642 727 2697 edoces.
773 2638 861 2717 Quae
886 2639 1008 2718 quidem
1031 2641 1219 2720 opinationes

102 2756 136 2806 ut
159 2747 290 2807 aliorum
314 2743 478 2804 nonnullae
505 2745 601 2821 magis
632 2745 857 2804 similitudinem
879 2746 1031 2826 quandam
1050 2749 1219 2808 litterarum

103 2852 192 2933 sequi
219 2872 310 2933 quam
333 2871 369 2910 eo
394 2850 476 2930 quod
506 2858 536 2909 et
560 2851 606 2910 rei
625 2858 655 2910 et
677 2852 779 2910 sensui
802 2854 956 2932 scriptoris
982 2855 1143 2914 conveniat
1164 2856 1219 2913 niti

82 2960 253 3030 ,videntne
296 2959 364 3036 Ego
393 2978 460 3016 curn
486 2957 622 3016 infinitae
643 2956 844 3017 multitudinis
864 2961 1019 3018 notionem
1041 2960 1154 3040 requiri
1174 2961 1218 3019 vi-

104 3068 223 3138 derem,
255 3064 399 3151 incidi-in
419 3085 486 3124 eam
509 3065 606 3142 ipsam
625 3056 748 3135 vocem,
770 3085 862 3143 quam
879 3067 916 3126 fr.
939 3068 970 3126 X
992 3066 1149 3125 Mercerus
1172 3087 1217 3124 re-

103 3173 215 3232 stituit:
245 3161 459 3248 ψαμμακόσιοι.
505 3168 593 3248 Quae
618 3189 684 3228 cum
712 3171 743 3228 in
770 3169 847 3230 libro
876 3175 1000 3254 antiquo
1030 3175 1073 3232 ita
1094 3182 1220 3232 exarata

103 3278 161 3337 luit
183 3297 363 3344 τοτττττοοτοτ,
385 3275 494 3336 videor
515 3277 587 3335 mihi
605 3277 687 3335 viam
707 3275 867 3354 dispicere,
891 3299 952 3358 qua
973 3281 1004 3337 in
1025 3299 1107 3351 eam,
1129 3299 1218 3358 quam

101 3369 172 3445 libri
194 3384 333 3456 offerunt,
356 3383 484 3442 formam
499 3381 621 3442 abierit:
645 3403 876 3443 risnsassrorcoc.
914 3385 982 3444 Nec
1000 3386 1039 3445 ad
1058 3407 1124 3445 eam
1144 3406 1217 3458 rem,

102 3491 295 3573 quantumvis
322 3490 500 3561 levidense,
537 3487 773 3560 incommodum,
807 3489 890 3570 quod
917 3491 996 3569 apud
1030 3490 1218 3550 Macrobium

82 3600 123 3658 ‘l.
140 3619 167 3658 c.
189 3617 246 3678 pro
267 3588 464 3673 ψαμμακόσιοι
484 3596 515 3653 in
530 3596 670 3655 Parisino
692 3617 876 3652 ατττττττοτοττ
901 3596 1078 3656 exhibetur:
1101 3597 1218 3676 Quodsi

18 3764 24 3777 ,
100 3708 162 3765 iam
191 3712 223 3763 et
249 3701 383 3762 scribere
411 3710 441 3760 et
465 3702 609 3780 supplere
630 3704 747 3761 initium
770 3703 932 3780 fragmenti
952 3703 1011 3761 hoo
1033 3703 1122 3762 modo
1145 3704 1217 3764 lice-

101 3810 160 3870 bit:
195 3812 280 3868 Nanc
313 3811 462 3882 confluunt
494 3800 699 3884 ψαμμακόσιοι
729 3812 833 3867 edoces
858 3810 996 3882 Romam,
1030 3830 1085 3868 sua
1110 3820 1218 3890 sponte

100 3922 370 3998 quiae-sequuntur
391 3913 559 3988 integritati
580 3912 762 3972 redduntur:
786 3915 925 3972 nimirum
945 3915 1000 3973 illa
1021 3913 1060 3973 ab
1083 3914 1130 3974 his
1148 3916 1218 3975 olim

101 4020 348 4102 excipiebantur:
370 4029 400 4077 ιιι
419 4023 448 4076 in
470 4023 541 4078 urbe
562 4024 718 4078 incendant
738 4040 890 4078 annonam.
924 4023 1013 4080 Haec
1033 4031 1065 4080 at
1086 4027 1115 4080 ia
1137 4027 1216 4093 urbe,

100 4149 181 4210 quae
204 4127 323 4187 axillis
346 4133 377 4183 at
398 4129 483 4184 turba
506 4125 612 4200 elicui,
644 4135 675 4184 et
694 4127 774 4185 omni
797 4128 950 4186 sententia
972 4137 1003 4187 et
1024 4128 1061 4186 fr.
1083 4128 1116 4186 X
1138 4128 1217 4188 simi-

99 4233 228 4293 litudine
250 4234 415 4292 firmantur.
449 4230 586 4291 Adiuvat
607 4240 777 4310 praeterea,
802 4231 883 4310 quod
903 4231 1036 4292 inlibris
1058 4237 1217 4303 intendant,

98 4360 159 4399 non
189 4339 271 4419 quod
298 4348 368 4418 post
393 4340 583 4417 scaligerum
606 4339 674 4398 aliis
696 4338 811 4418 placuit
834 4343 964 4398 intendat
983 4339 1104 4415 legitur.
1148 4339 1217 4398 Hoc
