2760 4890
511 347 768 397 oonmoranss.
1134 343 1195 405 203

80 501 217 563 iunctae'
239 524 308 564 oum
335 507 505 565 constantia
533 506 703 566 diversitati
725 509 964 569 testimoniorum
986 513 1135 587 sufficiat,
1160 535 1196 574 eo

81 602 278 684 deducimur,
312 620 359 685 ut,
388 613 414 670 si
438 611 560 691 quidem
582 620 703 671 saturae
726 634 787 672 non
807 623 909 693 potest
930 639 992 676 non
1013 619 1126 698 duplex
1151 622 1195 679 in-

62 715 208 794 scriptio
233 718 336 788 fuisse,
360 716 471 777 bonam
492 725 607 796 partem
633 737 650 776 e
671 738 796 778 numero
819 729 989 782 saturarum
1009 744 1089 803 quae
1105 726 1196 803 vulgo

79 822 208 883 habitae
238 831 308 883 sunt
343 823 559 883 secludendam
585 845 771 884 censeamus.
820 828 870 886 De
901 829 1196 907 pseudotragoediis,

80 949 164 1007 quae
197 950 258 988 non
289 931 382 989 facile
411 929 563 1009 duplicem
594 950 632 989 ex
664 931 722 989 hoc
751 952 865 1009 genere
899 936 1018 994 titulum
1045 937 1195 1011 ferebant,

80 1055 178 1113 supra
200 1037 320 1095 monui:
349 1045 442 1116 atque
473 1057 533 1095 una
561 1056 629 1095 cum
650 1037 697 1096 his
717 1038 790 1097 licet
811 1039 962 1118 quaedam
984 1044 1196 1122 inscriptiones

79 1160 143 1198 non
161 1141 402 1220 improbabiliter
423 1143 542 1232 pqssint
563 1142 601 1201 ad
621 1142 705 1201 aliud
726 1163 822 1220 genus
845 1143 989 1206 librorum
1011 1150 1127 1221 referri,
1152 1159 1196 1208 ta-

79 1266 153 1305 men
179 1249 338 1326 quominus
364 1270 467 1310 omnes
493 1270 572 1330 quae
596 1250 749 1329 simplices
772 1259 889 1310 tantum
912 1273 930 1311 a
951 1253 1050 1312 Nonio
1073 1254 1195 1313 tradun-

79 1363 132 1412 tur
160 1355 371 1432 inscriptiones
401 1378 419 1414 a
445 1358 554 1416 saturis
581 1358 688 1436 procul
713 1356 896 1432 habeamus,
926 1358 1020 1419 Gellii
1041 1361 1194 1440 Pliniique

79 1463 248 1521 auctoritas
268 1459 379 1533 obstat,
403 1469 529 1540 quorum
549 1463 600 1520 hic
623 1464 654 1521 in
676 1464 823 1524 naturalis
840 1465 986 1524 historiae
1002 1468 1194 1545 praefatione
1253 1543 1259 1555 .
1345 1492 1350 1500 ·

10 1625 12 1628 ,
79 1565 101 1642 ἓ
125 1575 160 1628 24
186 1569 295 1627 satiras
315 1569 439 1627 vocavit
461 1568 653 1629 Sesculixem
676 1580 707 1629 ot
728 1570 957 1630 Flertabulam:
988 1571 1070 1631 unde
1091 1575 1195 1632 nescio

79 1693 173 1752 quam
206 1672 405 1752 probabiliter
436 1675 546 1754 aliquis
572 1675 798 1753 proficiscatur,
833 1685 866 1734 ut
892 1676 1001 1736 eadem
1031 1676 1107 1751 fide,
1136 1700 1196 1758 qua

78 1778 274 1838 Flaxtabulis
298 1779 403 1838 addita
425 1754 664 1858 aspllndppuiv
688 1782 783 1841 fuisse
805 1781 899 1840 Nonii
921 1783 1101 1844 testimoniis
1125 1805 1194 1843 con-

79 1894 161 1960 stet,
190 1887 282 1946 etiam
303 1886 491 1964 Sesquiulixi
513 1907 657 1964 graecum
682 1888 814 1967 aliquem
837 1889 1005 1963 argumenti
1028 1888 1196 1951 indiculum

79 1993 288 2052 adiiciendum
316 2014 385 2053 esse
411 1995 567 2073 approbet.
614 1994 734 2055 Gellius
766 2003 868 2053 autem
893 1993 943 2052 III
967 2004 1002 2057 18
1032 1983 1195 2056 Ἱππυκύνα

79 2121 152 2160 esse
175 2101 370 2180 Menippeam
396 2089 540 2173 testatur,
569 2121 660 2180 quam
682 2102 798 2160 Nonius
821 2088 940 2180 quoqne
963 2101 1058 2159 semel
1081 2102 1196 2162 sedda

78 2209 143 2267 alio
167 2209 353 2285 fragmento,
384 2210 457 2267 item
476 2209 533 2267 hoc
560 2228 619 2266 uno
641 2207 742 2266 indice
763 2208 912 2286 apposito,
936 2228 1007 2268 usus
1032 2217 1088 2269 est.
1133 2211 1193 2269 Re-

78 2315 232 2394 liquatum
258 2314 438 2392 simplicium
466 2317 711 2394 inscriptionum,
740 2336 814 2395 quas
843 2315 883 2374 ad
902 2323 1022 2374 saturas
1042 2317 1194 2394 pertinere

78 2420 262 2480 testimoniis
293 2427 426 2492 constat,
449 2420 534 2481 nulla
556 2423 638 2502 apud
657 2423 790 2481 Nonium
810 2422 948 2480 occurrit.
994 2421 1057 2481 Sed
1079 2443 1117 2481 ex
1135 2412 1194 2480 ‘Irr-

78 2523 195 2584 ποκυνί
214 2546 350 2599 exorsus,
374 2546 441 2584 cum
465 2531 645 2605 praesertim
669 2531 759 2588 etiam
777 2519 944 2604 ‘quomivc
968 2528 1049 2588 idem
1073 2528 1193 2589 Gellius

78 2634 166 2693 XIII
186 2643 218 2696 31
239 2633 435 2712 Menippeam
456 2636 624 2709 vocaverit,
649 2634 686 2694 ob
713 2636 925 2712 cognationem
948 2637 1104 2695 titulorum
1126 2658 1194 2716 pro·

78 2740 225 2799 habiliter
246 2740 417 2818 Menippeis
438 2738 642 2799 vindicaveris
666 2743 757 2801 etiam
782 2740 967 2823 Κυνίστορα,
989 2737 1195 2820 Κυνορήτορα,

79 2838 391 2917 apsetianensium,
426 2847 492 2904 sive
520 2847 577 2904 fuit
604 2842 879 2926 Κυνοδιδάσκαλος,
912 2851 1076 2930 Cynicum,
1111 2850 1194 2909 deni-

43 2981 46 2986 *
79 2973 142 3032 que
172 2940 279 3027 Ταφὴν
309 2951 489 3027 Μενίππου,
524 2972 650 3030 quarum
684 2956 798 3015 nullam
830 2966 962 3017 saturam
997 2958 1048 3016 vel
1077 2959 1195 3037 Menip·
1266 3027 1269 3033 ,

79 3082 172 3141 peam
203 3078 271 3118 esse
299 3061 460 3140 quisquam
483 3067 611 3119 testatus
641 3071 696 3122 est.
741 3062 789 3121 Ao
811 3056 1071 3133 Κυνοδιδάσκαλος
1092 3084 1209 3122 rursus

80 3170 121 3229 de
140 3159 438 3248 Γεροντοδιδασκᾶλῳ
460 3167 551 3226 fidem
569 3169 672 3253 faciat,
697 3169 959 3247 quemadmodum,
985 3190 1053 3229 cum
1068 3169 1106 3229 de
1124 3170 1194 3229 Ses-

78 3275 218 3357 quiulixe
244 3281 362 3332 constet
389 3274 561 3331 testimonio
589 3282 725 3339 ¹saturam
745 3274 857 3348 fuisse,
882 3275 966 3335 idem
990 3277 1134 3335 coniicias
1158 3276 1196 3336 de

79 3383 237 3454 Bimarco,
264 3381 289 3439 si
318 3380 391 3460 quid
418 3381 484 3438 veri
504 3381 633 3456 tetigero
658 3379 695 3439 de
719 3400 756 3439 ea
777 3382 894 3440 ratione
917 3403 996 3461 quae
1018 3385 1096 3442 inter
1118 3383 1195 3442 haec

80 3489 230 3568 opuscula
264 3487 475 3546 intercessisse
511 3486 660 3545 videatur.
721 3488 815 3545 Porro
856 3488 1014 3548 Bimarcus
1053 3489 1196 3549 admonet

78 3596 278 3674 Marciporis,
307 3603 338 3653 et
366 3595 464 3652 ascita
491 3594 689 3672 inscriptione
712 3585 911 3671 Μαρκόπολις
934 3592 1003 3673 περὶ
1022 3585 1128 3672 ἀρχῆς,
1156 3616 1194 3654 ne
1246 3600 1248 3605 '

79 3705 150 3764 illas
180 3703 302 3783 quidem
331 3699 559 3760 addubitaveris
583 3710 702 3761 saturas
724 3701 835 3773 fuisse,
871 3722 1053 3782 quamquam
1074 3723 1134 3761 non
1158 3723 1194 3760 eo

80 3829 202 3890 quoque
222 3809 328 3869 valere
348 3827 414 3865 eam
438 3811 649 3884 cognationem
672 3808 890 3881 concesserim,
920 3817 953 3867 ut
977 3829 1044 3866 cum
1066 3798 1195 3884 Μαρκό-

79 3917 165 3987 notra
187 3914 301 3974 habeat
324 3914 459 3973 additum
481 3917 650 3994 argumenti
672 3913 851 3987 indiculum,
874 3936 913 3974 ne
934 3916 1107 4001 Bimaroum
1129 3918 1194 3995 qui-

80 4022 151 4080 dem
181 4029 213 4079 et
241 4023 445 4102 Marciporem
474 4043 510 4081 eo
542 4022 675 4080 caruisse
701 4021 907 4083 additamento
931 4023 1099 4082 credamus.
1144 4022 1194 4082 Sic

80 4147 150 4186 cum
178 4147 238 4185 non
267 4128 438 4186 testimonio
468 4126 590 4206 quidem
616 4125 671 4184 sed
697 4127 826 4206 duplicis
848 4130 1053 4208 inscriptionis
1076 4129 1194 4188 ratione

78 4235 161 4291 inter
183 4241 301 4292 saturas
323 4227 516 4310 Octogessim
537 4227 604 4308 περὶ
627 4225 814 4307 νομισμάτων
835 4233 1016 4309 habeamus,
1037 4234 1195 4314 probabile

81 4347 130 4398 est
158 4339 249 4397 etiam
277 4338 473 4416 Sexagessim
497 4349 645 4413 saturam,
674 4361 734 4399 non
755 4342 829 4399 item
854 4340 971 4404 duabus
992 4341 1192 4418 inscriptioni-
