<?xml version="1.0" encoding="UTF-8"?>
<!DOCTYPE html PUBLIC "-//W3C//DTD XHTML 1.0 Transitional//EN"
    "http://www.w3.org/TR/xhtml1/DTD/xhtml1-transitional.dtd">
<html xmlns="http://www.w3.org/1999/xhtml" xml:lang="en" lang="en">
 <head>
  <title>
</title>
<meta http-equiv="Content-Type" content="text/html;charset=utf-8" />
  <meta name='ocr-system' content='tesseract 3.04.00' />
  <meta name='ocr-capabilities' content='ocr_page ocr_carea ocr_par ocr_line ocrx_word'/>
</head>
<body>
  <div class='ocr_page' id='page_1' title='image "./ioannisvahlenii00vahlgoog_0227.png"; bbox 0 0 2760 4890; ppageno 0'>
   <div class='ocr_carea' id='block_1_1' title="bbox 152 259 866 368">
    <p class='ocr_par' dir='ltr' id='par_1_1' title="bbox 152 259 866 368">
     <span class='ocr_line' id='line_1_1' title="bbox 152 259 866 368; baseline 0 -21"><span class='ocrx_word' id='word_1_1' title='bbox 152 287 213 347; x_wconf 84' lang='lat'>214</span> <span class='ocrx_word' id='word_1_2' title='bbox 539 259 540 262; x_wconf 21' lang='lat'>¹</span> <span class='ocrx_word' id='word_1_3' title='bbox 579 297 866 368; x_wconf 55' lang='lat' dir='ltr'>courncrsuss„</span> 
     </span>
    </p>
   </div>
   <div class='ocr_carea' id='block_1_2' title="bbox 80 455 1357 3836">
    <p class='ocr_par' dir='ltr' id='par_1_2' title="bbox 94 455 1357 2344">
     <span class='ocr_line' id='line_1_2' title="bbox 152 455 1270 544; baseline 0.001 -27"><span class='ocrx_word' id='word_1_4' title='bbox 152 456 245 517; x_wconf 90' lang='lat' dir='ltr'>Nonii</span> <span class='ocrx_word' id='word_1_5' title='bbox 272 475 301 544; x_wconf 92' lang='lat' dir='ltr'>p.</span> <span class='ocrx_word' id='word_1_6' title='bbox 329 464 361 528; x_wconf 78' lang='lat'>4,</span> <span class='ocrx_word' id='word_1_7' title='bbox 386 464 434 518; x_wconf 78' lang='lat'>14:</span> <span class='ocrx_word' id='word_1_8' title='bbox 470 455 710 535; x_wconf 73' lang='lat' dir='ltr'><strong>‘Argumentum</strong></span> <span class='ocrx_word' id='word_1_9' title='bbox 734 457 819 532; x_wconf 87' lang='lat' dir='ltr'>libri,</span> <span class='ocrx_word' id='word_1_10' title='bbox 852 459 947 517; x_wconf 90' lang='lat' dir='ltr'>virtus</span> <span class='ocrx_word' id='word_1_11' title='bbox 977 480 996 517; x_wconf 87' lang='lat' dir='ltr'>a</span> <span class='ocrx_word' id='word_1_12' title='bbox 1022 469 1132 519; x_wconf 88' lang='lat' dir='ltr'>natura</span> <span class='ocrx_word' id='word_1_13' title='bbox 1160 482 1200 519; x_wconf 83' lang='lat' dir='ltr'>sn</span> <span class='ocrx_word' id='word_1_14' title='bbox 1227 459 1270 518; x_wconf 84' lang='grc' dir='ltr'>δι-</span> 
     </span>
     <span class='ocr_line' id='line_1_3' title="bbox 94 543 1270 645; baseline 0.003 -25"><span class='ocrx_word' id='word_1_15' title='bbox 94 543 100 558; x_wconf 54' lang='grc'><em>’</em></span> <span class='ocrx_word' id='word_1_16' title='bbox 141 556 268 632; x_wconf 67' lang='grc' dir='ltr'>4δοικτός.</span> <span class='ocrx_word' id='word_1_17' title='bbox 317 562 449 624; x_wconf 87' lang='lat' dir='ltr'>Videtur</span> <span class='ocrx_word' id='word_1_18' title='bbox 484 563 625 624; x_wconf 87' lang='lat' dir='ltr'>docuisse</span> <span class='ocrx_word' id='word_1_19' title='bbox 660 563 700 622; x_wconf 94' lang='lat' dir='ltr'>ad</span> <span class='ocrx_word' id='word_1_20' title='bbox 727 576 794 623; x_wconf 90' lang='lat' dir='ltr'>cam</span> <span class='ocrx_word' id='word_1_21' title='bbox 822 554 1039 645; x_wconf 74' lang='lat' dir='ltr'>perficiendam</span> <span class='ocrx_word' id='word_1_22' title='bbox 1067 567 1128 624; x_wconf 83' lang='lat' dir='ltr'>tria</span> <span class='ocrx_word' id='word_1_23' title='bbox 1151 567 1270 645; x_wconf 88' lang='lat' dir='ltr'>quaeri,</span> 
     </span>
     <span class='ocr_line' id='line_1_4' title="bbox 151 668 1270 750; baseline 0.001 -22"><span class='ocrx_word' id='word_1_24' title='bbox 151 677 291 728; x_wconf 88' lang='lat' dir='ltr'>naturam</span> <span class='ocrx_word' id='word_1_25' title='bbox 313 668 425 747; x_wconf 91' lang='lat' dir='ltr'>primo,</span> <span class='ocrx_word' id='word_1_26' title='bbox 452 670 523 730; x_wconf 90' lang='lat' dir='ltr'>dein</span> <span class='ocrx_word' id='word_1_27' title='bbox 547 670 729 743; x_wconf 79' lang='lat' dir='ltr'>doctrinam,</span> <span class='ocrx_word' id='word_1_28' title='bbox 762 690 842 750; x_wconf 91' lang='lat' dir='ltr'>quae</span> <span class='ocrx_word' id='word_1_29' title='bbox 872 671 957 730; x_wconf 91' lang='lat' dir='ltr'>illam</span> <span class='ocrx_word' id='word_1_30' title='bbox 985 673 1130 731; x_wconf 88' lang='lat' dir='ltr'>informet</span> <span class='ocrx_word' id='word_1_31' title='bbox 1147 707 1190 715; x_wconf 95' lang='lat'>—</span> <span class='ocrx_word' id='word_1_32' title='bbox 1210 707 1270 744; x_wconf 84' lang='lat'>-,</span> 
     </span>
     <span class='ocr_line' id='line_1_5' title="bbox 151 777 1281 858; baseline 0.002 -22"><span class='ocrx_word' id='word_1_33' title='bbox 151 784 304 856; x_wconf 88' lang='lat' dir='ltr'>postremo</span> <span class='ocrx_word' id='word_1_34' title='bbox 334 796 422 836; x_wconf 91' lang='lat' dir='ltr'>usum</span> <span class='ocrx_word' id='word_1_35' title='bbox 441 785 473 835; x_wconf 91' lang='lat' dir='ltr'>et</span> <span class='ocrx_word' id='word_1_36' title='bbox 499 777 763 852; x_wconf 76' lang='lat' dir='ltr'>exercitationem,</span> <span class='ocrx_word' id='word_1_37' title='bbox 794 780 846 857; x_wconf 92' lang='lat' dir='ltr'>qui</span> <span class='ocrx_word' id='word_1_38' title='bbox 872 787 1030 858; x_wconf 91' lang='lat' dir='ltr'>utramque</span> <span class='ocrx_word' id='word_1_39' title='bbox 1057 777 1206 857; x_wconf 89' lang='lat' dir='ltr'>perficiat.</span> <span class='ocrx_word' id='word_1_40' title='bbox 1230 779 1281 821; x_wconf 70' lang='grc'>-’</span> 
     </span>
     <span class='ocr_line' id='line_1_6' title="bbox 152 863 1270 962; baseline 0.001 -19"><span class='ocrx_word' id='word_1_41' title='bbox 152 885 233 944; x_wconf 92' lang='lat' dir='ltr'>Hinc</span> <span class='ocrx_word' id='word_1_42' title='bbox 250 884 356 943; x_wconf 88' lang='lat' dir='ltr'>titulus</span> <span class='ocrx_word' id='word_1_43' title='bbox 368 881 444 940; x_wconf 62' lang='lat' dir='ltr'><strong>„fibri</strong></span> <span class='ocrx_word' id='word_1_44' title='bbox 459 881 620 942; x_wconf 84' lang='lat' dir='ltr'>Trihodite</span> <span class='ocrx_word' id='word_1_45' title='bbox 635 885 759 959; x_wconf 84' lang='lat' dir='ltr'>trifolio,</span> <span class='ocrx_word' id='word_1_46' title='bbox 782 863 821 944; x_wconf 73' lang='lat' dir='ltr'>an</span> <span class='ocrx_word' id='word_1_47' title='bbox 838 883 978 962; x_wconf 86' lang='lat' dir='ltr'>tripylio:</span> <span class='ocrx_word' id='word_1_48' title='bbox 1002 885 1074 962; x_wconf 84' lang='lat' dir='ltr'>quia</span> <span class='ocrx_word' id='word_1_49' title='bbox 1087 883 1185 945; x_wconf 87' lang='lat' dir='ltr'>tribus</span> <span class='ocrx_word' id='word_1_50' title='bbox 1199 885 1270 958; x_wconf 88' lang='lat' dir='ltr'>viis,</span> 
     </span>
     <span class='ocr_line' id='line_1_7' title="bbox 152 978 1271 1068; baseline 0 -20"><span class='ocrx_word' id='word_1_51' title='bbox 152 987 248 1048; x_wconf 90' lang='lat' dir='ltr'>tribus</span> <span class='ocrx_word' id='word_1_52' title='bbox 267 990 362 1067; x_wconf 90' lang='lat' dir='ltr'>portis</span> <span class='ocrx_word' id='word_1_53' title='bbox 383 989 560 1067; x_wconf 89' lang='lat' dir='ltr'>pervenitur</span> <span class='ocrx_word' id='word_1_54' title='bbox 579 989 619 1048; x_wconf 88' lang='lat' dir='ltr'>ad</span> <span class='ocrx_word' id='word_1_55' title='bbox 640 978 806 1049; x_wconf 87' lang='lat' dir='ltr'>virtutem.&#39;</span> <span class='ocrx_word' id='word_1_56' title='bbox 842 989 962 1068; x_wconf 89' lang='lat' dir='ltr'>Nempe</span> <span class='ocrx_word' id='word_1_57' title='bbox 986 986 1142 1066; x_wconf 79' lang='grc' dir='ltr'><em>Τριοδίτης</em></span> <span class='ocrx_word' id='word_1_58' title='bbox 1163 983 1271 1068; x_wconf 74' lang='grc' dir='ltr'><strong><em>τριπό-</em></strong></span> 
     </span>
     <span class='ocr_line' id='line_1_8' title="bbox 154 1086 1271 1173; baseline 0.001 -21"><span class='ocrx_word' id='word_1_59' title='bbox 154 1097 225 1169; x_wconf 72' lang='grc' dir='ltr'><strong><em>ὶιος,</em></strong></span> <span class='ocrx_word' id='word_1_60' title='bbox 245 1116 306 1153; x_wconf 91' lang='lat' dir='ltr'>non</span> <span class='ocrx_word' id='word_1_61' title='bbox 319 1086 485 1173; x_wconf 68' lang='grc' dir='ltr'>4τριπόλιος,</span> <span class='ocrx_word' id='word_1_62' title='bbox 508 1086 591 1173; x_wconf 86' lang='lat' dir='ltr'>quod</span> <span class='ocrx_word' id='word_1_63' title='bbox 605 1094 755 1154; x_wconf 86' lang='lat' dir='ltr'>Oehlerus</span> <span class='ocrx_word' id='word_1_64' title='bbox 772 1095 898 1169; x_wconf 85' lang='lat' dir='ltr'>obtinet,</span> <span class='ocrx_word' id='word_1_65' title='bbox 920 1097 948 1154; x_wconf 91' lang='lat' dir='ltr'>ei</span> <span class='ocrx_word' id='word_1_66' title='bbox 965 1094 1271 1155; x_wconf 83' lang='lat' dir='ltr'>saturaeinscriben-</span> 
     </span>
     <span class='ocr_line' id='line_1_9' title="bbox 154 1183 1271 1297; baseline -0.001 -36"><span class='ocrx_word' id='word_1_67' title='bbox 154 1202 225 1261; x_wconf 92' lang='lat' dir='ltr'>dum</span> <span class='ocrx_word' id='word_1_68' title='bbox 253 1212 309 1262; x_wconf 90' lang='lat' dir='ltr'>est.</span> <span class='ocrx_word' id='word_1_69' title='bbox 356 1200 506 1261; x_wconf 88' lang='lat' dir='ltr'>Oehlorus</span> <span class='ocrx_word' id='word_1_70' title='bbox 531 1183 654 1280; x_wconf 82' lang='lat' dir='ltr'>quidem</span> <span class='ocrx_word' id='word_1_71' title='bbox 681 1201 789 1281; x_wconf 88' lang='lat' dir='ltr'>quibus</span> <span class='ocrx_word' id='word_1_72' title='bbox 817 1201 901 1260; x_wconf 87' lang='lat' dir='ltr'>illam</span> <span class='ocrx_word' id='word_1_73' title='bbox 925 1203 1154 1297; x_wconf 61' lang='lat' dir='ltr'>inscriptionem</span> <span class='ocrx_word' id='word_1_74' title='bbox 1175 1201 1271 1280; x_wconf 84' lang='lat' dir='ltr'>expli-</span> 
     </span>
     <span class='ocr_line' id='line_1_10' title="bbox 155 1299 1357 1385; baseline 0 -19"><span class='ocrx_word' id='word_1_75' title='bbox 155 1308 232 1380; x_wconf 85' lang='lat' dir='ltr'>cuit,</span> <span class='ocrx_word' id='word_1_76' title='bbox 256 1305 430 1382; x_wconf 71' lang='lat' dir='ltr'>‘Tprodlrpg</span> <span class='ocrx_word' id='word_1_77' title='bbox 451 1314 553 1366; x_wconf 89' lang='lat' dir='ltr'>autem</span> <span class='ocrx_word' id='word_1_78' title='bbox 573 1299 722 1385; x_wconf 76' lang='grc' dir='ltr'><em>τριπόλιος</em></span> <span class='ocrx_word' id='word_1_79' title='bbox 744 1309 905 1379; x_wconf 88' lang='lat' dir='ltr'>Varronis,</span> <span class='ocrx_word' id='word_1_80' title='bbox 929 1310 961 1367; x_wconf 88' lang='lat' dir='ltr'>ni</span> <span class='ocrx_word' id='word_1_81' title='bbox 982 1308 1088 1382; x_wconf 83' lang='lat' dir='ltr'>fallor,</span> <span class='ocrx_word' id='word_1_82' title='bbox 1111 1318 1158 1368; x_wconf 90' lang='lat' dir='ltr'>est</span> <span class='ocrx_word' id='word_1_83' title='bbox 1173 1309 1270 1367; x_wconf 86' lang='lat' dir='ltr'>¹homo</span> <span class='ocrx_word' id='word_1_84' title='bbox 1354 1304 1357 1313; x_wconf 88' lang='lat'>&#39;</span> 
     </span>
     <span class='ocr_line' id='line_1_11' title="bbox 155 1413 1271 1494; baseline 0.001 -22"><span class='ocrx_word' id='word_1_85' title='bbox 155 1413 263 1484; x_wconf 87' lang='lat' dir='ltr'>dictus,</span> <span class='ocrx_word' id='word_1_86' title='bbox 285 1414 339 1492; x_wconf 91' lang='lat' dir='ltr'>qui</span> <span class='ocrx_word' id='word_1_87' title='bbox 359 1413 442 1473; x_wconf 90' lang='lat' dir='ltr'>nullo</span> <span class='ocrx_word' id='word_1_88' title='bbox 459 1415 566 1473; x_wconf 90' lang='lat' dir='ltr'>artium</span> <span class='ocrx_word' id='word_1_89' title='bbox 584 1416 768 1474; x_wconf 85' lang='lat' dir='ltr'>virtutumve</span> <span class='ocrx_word' id='word_1_90' title='bbox 786 1434 899 1492; x_wconf 84' lang='lat' dir='ltr'>genere</span> <span class='ocrx_word' id='word_1_91' title='bbox 912 1423 1004 1474; x_wconf 85' lang='lat' dir='ltr'>antea</span> <span class='ocrx_word' id='word_1_92' title='bbox 1017 1416 1174 1474; x_wconf 89' lang='lat' dir='ltr'>institutus</span> <span class='ocrx_word' id='word_1_93' title='bbox 1186 1424 1271 1494; x_wconf 85' lang='lat' dir='ltr'>post·</span> 
     </span>
     <span class='ocr_line' id='line_1_12' title="bbox 155 1520 1272 1602; baseline 0.003 -25"><span class='ocrx_word' id='word_1_94' title='bbox 155 1540 246 1599; x_wconf 87' lang='lat' dir='ltr'>quam</span> <span class='ocrx_word' id='word_1_95' title='bbox 262 1521 294 1578; x_wconf 93' lang='lat' dir='ltr'>in</span> <span class='ocrx_word' id='word_1_96' title='bbox 309 1520 408 1577; x_wconf 85' lang='lat' dir='ltr'>triviis</span> <span class='ocrx_word' id='word_1_97' title='bbox 424 1520 520 1578; x_wconf 88' lang='lat' dir='ltr'>semel</span> <span class='ocrx_word' id='word_1_98' title='bbox 539 1522 697 1579; x_wconf 89' lang='lat' dir='ltr'>consenuit</span> <span class='ocrx_word' id='word_1_99' title='bbox 714 1529 805 1602; x_wconf 88' lang='lat' dir='ltr'>utque</span> <span class='ocrx_word' id='word_1_100' title='bbox 820 1523 965 1596; x_wconf 71' lang='lat' dir='ltr'>incanuit,</span> <span class='ocrx_word' id='word_1_101' title='bbox 987 1523 1047 1581; x_wconf 89' lang='lat' dir='ltr'>illis</span> <span class='ocrx_word' id='word_1_102' title='bbox 1063 1542 1124 1580; x_wconf 90' lang='lat' dir='ltr'>non</span> <span class='ocrx_word' id='word_1_103' title='bbox 1139 1521 1272 1600; x_wconf 86' lang='lat' dir='ltr'>amplius</span> 
     </span>
     <span class='ocr_line' id='line_1_13' title="bbox 153 1624 1270 1706; baseline 0.001 -21"><span class='ocrx_word' id='word_1_104' title='bbox 153 1635 256 1706; x_wconf 89' lang='lat' dir='ltr'>potest</span> <span class='ocrx_word' id='word_1_105' title='bbox 274 1624 433 1698; x_wconf 86' lang='lat' dir='ltr'>assuesci&#39;,</span> <span class='ocrx_word' id='word_1_106' title='bbox 455 1645 492 1683; x_wconf 89' lang='lat' dir='ltr'>ea</span> <span class='ocrx_word' id='word_1_107' title='bbox 512 1626 538 1684; x_wconf 83' lang='lat' dir='ltr'>si</span> <span class='ocrx_word' id='word_1_108' title='bbox 553 1625 627 1704; x_wconf 92' lang='lat' dir='ltr'>quid</span> <span class='ocrx_word' id='word_1_109' title='bbox 641 1626 761 1685; x_wconf 88' lang='lat' dir='ltr'>omnino</span> <span class='ocrx_word' id='word_1_110' title='bbox 778 1629 844 1687; x_wconf 87' lang='lat' dir='ltr'>sani</span> <span class='ocrx_word' id='word_1_111' title='bbox 860 1631 1045 1702; x_wconf 86' lang='lat' dir='ltr'>contineant,</span> <span class='ocrx_word' id='word_1_112' title='bbox 1068 1649 1126 1688; x_wconf 90' lang='lat' dir='ltr'>uec</span> <span class='ocrx_word' id='word_1_113' title='bbox 1145 1629 1177 1686; x_wconf 91' lang='lat' dir='ltr'>in</span> <span class='ocrx_word' id='word_1_114' title='bbox 1191 1627 1270 1687; x_wconf 89' lang='lat' dir='ltr'>indi·</span> 
     </span>
     <span class='ocr_line' id='line_1_14' title="bbox 155 1730 1271 1814; baseline 0.003 -24"><span class='ocrx_word' id='word_1_115' title='bbox 155 1751 222 1790; x_wconf 90' lang='lat' dir='ltr'>cem</span> <span class='ocrx_word' id='word_1_116' title='bbox 242 1730 393 1811; x_wconf 87' lang='lat' dir='ltr'>quadrant</span> <span class='ocrx_word' id='word_1_117' title='bbox 414 1751 472 1790; x_wconf 92' lang='lat' dir='ltr'>nec</span> <span class='ocrx_word' id='word_1_118' title='bbox 498 1732 633 1812; x_wconf 90' lang='lat' dir='ltr'>reliquiis</span> <span class='ocrx_word' id='word_1_119' title='bbox 652 1733 841 1794; x_wconf 89' lang='lat' dir='ltr'>adiuvantur.</span> <span class='ocrx_word' id='word_1_120' title='bbox 871 1735 1016 1794; x_wconf 76' lang='lat' dir='ltr'>Ceterum</span> <span class='ocrx_word' id='word_1_121' title='bbox 1031 1737 1104 1795; x_wconf 90' lang='lat' dir='ltr'>mihi</span> <span class='ocrx_word' id='word_1_122' title='bbox 1121 1757 1182 1795; x_wconf 91' lang='lat' dir='ltr'>non</span> <span class='ocrx_word' id='word_1_123' title='bbox 1201 1755 1271 1814; x_wconf 90' lang='lat' dir='ltr'>per·</span> 
     </span>
     <span class='ocr_line' id='line_1_15' title="bbox 154 1820 1271 1920; baseline 0.003 -24"><span class='ocrx_word' id='word_1_124' title='bbox 154 1838 249 1897; x_wconf 89' lang='lat' dir='ltr'>suasit</span> <span class='ocrx_word' id='word_1_125' title='bbox 271 1820 454 1896; x_wconf 79' lang='lat' dir='ltr'>Krahnerus</span> <span class='ocrx_word' id='word_1_126' title='bbox 472 1837 510 1897; x_wconf 90' lang='lat' dir='ltr'>de</span> <span class='ocrx_word' id='word_1_127' title='bbox 532 1840 678 1899; x_wconf 89' lang='lat' dir='ltr'>Varronis</span> <span class='ocrx_word' id='word_1_128' title='bbox 699 1841 893 1920; x_wconf 86' lang='lat' dir='ltr'>philosophia</span> <span class='ocrx_word' id='word_1_129' title='bbox 914 1862 944 1920; x_wconf 90' lang='lat' dir='ltr'>p.</span> <span class='ocrx_word' id='word_1_130' title='bbox 967 1851 984 1903; x_wconf 88' lang='lat'><strong>6</strong></span> <span class='ocrx_word' id='word_1_131' title='bbox 1006 1841 1134 1900; x_wconf 89' lang='lat' dir='ltr'>alteram</span> <span class='ocrx_word' id='word_1_132' title='bbox 1151 1850 1271 1920; x_wconf 90' lang='lat' dir='ltr'>partem</span> 
     </span>
     <span class='ocr_line' id='line_1_16' title="bbox 154 1927 1273 2026; baseline 0.004 -24"><span class='ocrx_word' id='word_1_133' title='bbox 154 1945 359 2023; x_wconf 86' lang='lat' dir='ltr'>inscriptionis</span> <span class='ocrx_word' id='word_1_134' title='bbox 380 1927 476 2004; x_wconf 81' lang='lat' dir='ltr'>fuisse</span> <span class='ocrx_word' id='word_1_135' title='bbox 495 1942 562 2025; x_wconf 81' lang='grc' dir='ltr'><strong><em>περὶ</em></strong></span> <span class='ocrx_word' id='word_1_136' title='bbox 581 1935 686 2024; x_wconf 77' lang='grc' dir='ltr'><strong><em>ἀρετῆς</em></strong></span> <span class='ocrx_word' id='word_1_137' title='bbox 708 1943 759 2005; x_wconf 79' lang='grc' dir='ltr'>καὶ</span> <span class='ocrx_word' id='word_1_138' title='bbox 781 1940 897 2022; x_wconf 79' lang='grc' dir='ltr'><em>φύσεως</em></span> <span class='ocrx_word' id='word_1_139' title='bbox 921 1969 939 2006; x_wconf 91' lang='lat' dir='ltr'>a</span> <span class='ocrx_word' id='word_1_140' title='bbox 958 1950 1076 2026; x_wconf 88' lang='lat' dir='ltr'>Popma</span> <span class='ocrx_word' id='word_1_141' title='bbox 1095 1967 1134 2006; x_wconf 82' lang='lat' dir='ltr'>ex</span> <span class='ocrx_word' id='word_1_142' title='bbox 1155 1946 1273 2006; x_wconf 85' lang='lat' dir='ltr'>Aldina</span> 
     </span>
     <span class='ocr_line' id='line_1_17' title="bbox 153 2046 1272 2134; baseline 0.002 -25"><span class='ocrx_word' id='word_1_143' title='bbox 153 2046 324 2129; x_wconf 79' lang='lat' dir='ltr'>receptum:</span> <span class='ocrx_word' id='word_1_144' title='bbox 355 2051 428 2109; x_wconf 90' lang='lat' dir='ltr'>mihi</span> <span class='ocrx_word' id='word_1_145' title='bbox 448 2052 527 2112; x_wconf 90' lang='lat' dir='ltr'>haec</span> <span class='ocrx_word' id='word_1_146' title='bbox 549 2053 716 2130; x_wconf 86' lang='lat' dir='ltr'>scripturae</span> <span class='ocrx_word' id='word_1_147' title='bbox 739 2053 946 2134; x_wconf 88' lang='lat' dir='ltr'>discrepantia</span> <span class='ocrx_word' id='word_1_148' title='bbox 965 2077 1027 2113; x_wconf 78' lang='lat' dir='ltr'>nrm</span> <span class='ocrx_word' id='word_1_149' title='bbox 1048 2075 1112 2111; x_wconf 63' lang='lat' dir='ltr'>eruc</span> <span class='ocrx_word' id='word_1_150' title='bbox 1127 2075 1272 2122; x_wconf 78' lang='lat' dir='ltr'>rrrrcrwc,</span> 
     </span>
     <span class='ocr_line' id='line_1_18' title="bbox 154 2156 1272 2238; baseline 0.002 -23"><span class='ocrx_word' id='word_1_151' title='bbox 154 2180 216 2215; x_wconf 80' lang='lat' dir='ltr'>nsrr</span> <span class='ocrx_word' id='word_1_152' title='bbox 243 2180 396 2216; x_wconf 75' lang='lat' dir='ltr'>Ansrucnwc</span> <span class='ocrx_word' id='word_1_153' title='bbox 430 2156 519 2236; x_wconf 81' lang='lat' dir='ltr'>(ter),</span> <span class='ocrx_word' id='word_1_154' title='bbox 554 2183 616 2218; x_wconf 76' lang='lat' dir='ltr'>urar</span> <span class='ocrx_word' id='word_1_155' title='bbox 641 2183 738 2218; x_wconf 71' lang='lat' dir='ltr'>sarrire</span> <span class='ocrx_word' id='word_1_156' title='bbox 761 2182 894 2218; x_wconf 77' lang='lat' dir='ltr'>rsrncnurc</span> <span class='ocrx_word' id='word_1_157' title='bbox 930 2159 1147 2219; x_wconf 66' lang='lat' dir='ltr'>commendare*</span> <span class='ocrx_word' id='word_1_158' title='bbox 1169 2160 1272 2238; x_wconf 89' lang='lat' dir='ltr'>potius</span> 
     </span>
     <span class='ocr_line' id='line_1_19' title="bbox 154 2256 1112 2344; baseline 0 -22"><span class='ocrx_word' id='word_1_159' title='bbox 154 2264 286 2323; x_wconf 90' lang='lat' dir='ltr'>Merceri</span> <span class='ocrx_word' id='word_1_160' title='bbox 306 2268 510 2326; x_wconf 88' lang='lat' dir='ltr'>coniecturam</span> <span class='ocrx_word' id='word_1_161' title='bbox 531 2262 598 2342; x_wconf 79' lang='grc' dir='ltr'><strong><em>περὶ</em></strong></span> <span class='ocrx_word' id='word_1_162' title='bbox 619 2256 723 2344; x_wconf 73' lang='grc' dir='ltr'><em>ἀρετῆς</em></span> <span class='ocrx_word' id='word_1_163' title='bbox 743 2260 872 2343; x_wconf 79' lang='grc' dir='ltr'><em>κτήσεως</em></span> <span class='ocrx_word' id='word_1_164' title='bbox 893 2266 1023 2326; x_wconf 89' lang='lat' dir='ltr'>videtur.</span> <span class='ocrx_word' id='word_1_165' title='bbox 1106 2309 1112 2317; x_wconf 82' lang='lat'><strong>.</strong></span> 
     </span>
    </p>

    <p class='ocr_par' dir='ltr' id='par_1_3' title="bbox 80 2363 1333 3836">
     <span class='ocr_line' id='line_1_20' title="bbox 135 2363 1272 2458; baseline 0.001 -27"><span class='ocrx_word' id='word_1_166' title='bbox 135 2453 137 2456; x_wconf 10' lang='lat' dir='ltr'>y</span> <span class='ocrx_word' id='word_1_167' title='bbox 240 2373 380 2432; x_wconf 90' lang='lat' dir='ltr'>Devenio</span> <span class='ocrx_word' id='word_1_168' title='bbox 406 2372 445 2431; x_wconf 88' lang='lat' dir='ltr'>ad</span> <span class='ocrx_word' id='word_1_169' title='bbox 473 2375 666 2432; x_wconf 82' lang='lat' dir='ltr'>Desultorium</span> <span class='ocrx_word' id='word_1_170' title='bbox 688 2371 756 2452; x_wconf 79' lang='grc' dir='ltr'><strong><em>περὶ</em></strong></span> <span class='ocrx_word' id='word_1_171' title='bbox 783 2373 836 2432; x_wconf 80' lang='lat' dir='ltr'>rori</span> <span class='ocrx_word' id='word_1_172' title='bbox 856 2363 985 2453; x_wconf 74' lang='grc' dir='ltr'><em>γράφειν</em></span> <span class='ocrx_word' id='word_1_173' title='bbox 1008 2371 1090 2458; x_wconf 73' lang='lat' dir='ltr'>quod</span> <span class='ocrx_word' id='word_1_174' title='bbox 1111 2371 1272 2450; x_wconf 86' lang='lat' dir='ltr'>vulgatur:</span> 
     </span>
     <span class='ocr_line' id='line_1_21' title="bbox 155 2478 1272 2559; baseline 0.002 -23"><span class='ocrx_word' id='word_1_175' title='bbox 155 2479 268 2557; x_wconf 91' lang='lat' dir='ltr'>inquo</span> <span class='ocrx_word' id='word_1_176' title='bbox 292 2479 417 2538; x_wconf 82' lang='lat' dir='ltr'>offendit</span> <span class='ocrx_word' id='word_1_177' title='bbox 439 2479 641 2539; x_wconf 85' lang='lat' dir='ltr'>Mercklinum</span> <span class='ocrx_word' id='word_1_178' title='bbox 668 2490 791 2559; x_wconf 89' lang='lat' dir='ltr'>praeter</span> <span class='ocrx_word' id='word_1_179' title='bbox 814 2478 1064 2540; x_wconf 89' lang='lat' dir='ltr'>consuetudinem</span> <span class='ocrx_word' id='word_1_180' title='bbox 1086 2478 1272 2559; x_wconf 89' lang='lat' dir='ltr'>reliquorum</span> 
     </span>
     <span class='ocr_line' id='line_1_22' title="bbox 154 2585 1281 2666; baseline 0.004 -24"><span class='ocrx_word' id='word_1_181' title='bbox 154 2585 310 2648; x_wconf 85' lang='lat' dir='ltr'>titulorum</span> <span class='ocrx_word' id='word_1_182' title='bbox 337 2587 485 2646; x_wconf 91' lang='lat' dir='ltr'>infinitivo</span> <span class='ocrx_word' id='word_1_183' title='bbox 515 2595 724 2662; x_wconf 83' lang='lat' dir='ltr'>argumentum</span> <span class='ocrx_word' id='word_1_184' title='bbox 749 2597 869 2647; x_wconf 87' lang='lat' dir='ltr'>saturae</span> <span class='ocrx_word' id='word_1_185' title='bbox 898 2606 1076 2666; x_wconf 80' lang='lat' dir='ltr'>expressum</span> <span class='ocrx_word' id='word_1_186' title='bbox 1101 2605 1184 2659; x_wconf 86' lang='lat' dir='ltr'>esse,</span> <span class='ocrx_word' id='word_1_187' title='bbox 1213 2607 1281 2646; x_wconf 88' lang='lat' dir='ltr'>nec</span> 
     </span>
     <span class='ocr_line' id='line_1_23' title="bbox 156 2676 1272 2765; baseline 0.004 -17"><span class='ocrx_word' id='word_1_188' title='bbox 156 2688 323 2748; x_wconf 88' lang='lat' dir='ltr'>adhibitum</span> <span class='ocrx_word' id='word_1_189' title='bbox 340 2676 511 2752; x_wconf 86' lang='lat' dir='ltr'>¹articulum</span> <span class='ocrx_word' id='word_1_190' title='bbox 539 2694 614 2750; x_wconf 89' lang='lat' dir='ltr'>mori</span> <span class='ocrx_word' id='word_1_191' title='bbox 641 2693 673 2765; x_wconf 81' lang='lat' dir='ltr'>in</span> <span class='ocrx_word' id='word_1_192' title='bbox 699 2691 747 2750; x_wconf 89' lang='lat' dir='ltr'>his</span> <span class='ocrx_word' id='word_1_193' title='bbox 774 2680 925 2752; x_wconf 75' lang='lat' dir='ltr'>indicibus</span> <span class='ocrx_word' id='word_1_194' title='bbox 948 2694 1137 2752; x_wconf 85' lang='lat' dir='ltr'>Varroniano</span> <span class='ocrx_word' id='word_1_195' title='bbox 1160 2711 1272 2752; x_wconf 90' lang='lat' dir='ltr'>conve-</span> 
     </span>
     <span class='ocr_line' id='line_1_24' title="bbox 154 2796 1272 2883; baseline 0.005 -31"><span class='ocrx_word' id='word_1_196' title='bbox 154 2796 236 2853; x_wconf 89' lang='lat' dir='ltr'>nire:</span> <span class='ocrx_word' id='word_1_197' title='bbox 260 2798 347 2875; x_wconf 86' lang='lat' dir='ltr'>quasi</span> <span class='ocrx_word' id='word_1_198' title='bbox 371 2799 450 2858; x_wconf 90' lang='lat' dir='ltr'>haec</span> <span class='ocrx_word' id='word_1_199' title='bbox 472 2798 531 2857; x_wconf 93' lang='lat' dir='ltr'>duo</span> <span class='ocrx_word' id='word_1_200' title='bbox 554 2808 658 2858; x_wconf 89' lang='lat' dir='ltr'>essent</span> <span class='ocrx_word' id='word_1_201' title='bbox 681 2806 859 2883; x_wconf 89' lang='lat' dir='ltr'>argumenta</span> <span class='ocrx_word' id='word_1_202' title='bbox 881 2806 973 2876; x_wconf 87' lang='lat' dir='ltr'>atque</span> <span class='ocrx_word' id='word_1_203' title='bbox 988 2797 1097 2871; x_wconf 90' lang='lat' dir='ltr'>Varro,</span> <span class='ocrx_word' id='word_1_204' title='bbox 1120 2817 1190 2867; x_wconf 83' lang='lat' dir='ltr'>curn</span> <span class='ocrx_word' id='word_1_205' title='bbox 1204 2799 1272 2858; x_wconf 91' lang='lat' dir='ltr'>infi-</span> 
     </span>
     <span class='ocr_line' id='line_1_25' title="bbox 154 2889 1272 2984; baseline 0.004 -24"><span class='ocrx_word' id='word_1_206' title='bbox 154 2902 249 2961; x_wconf 89' lang='lat' dir='ltr'>nitivo</span> <span class='ocrx_word' id='word_1_207' title='bbox 271 2911 415 2978; x_wconf 86' lang='lat' dir='ltr'>uteretur,</span> <span class='ocrx_word' id='word_1_208' title='bbox 438 2907 588 2984; x_wconf 88' lang='lat' dir='ltr'>potuisset</span> <span class='ocrx_word' id='word_1_209' title='bbox 611 2906 702 2963; x_wconf 88' lang='lat' dir='ltr'>etiam</span> <span class='ocrx_word' id='word_1_210' title='bbox 724 2889 793 2964; x_wconf 85' lang='lat' dir='ltr'>sine</span> <span class='ocrx_word' id='word_1_211' title='bbox 811 2903 939 2963; x_wconf 85' lang='lat' dir='ltr'>articulo</span> <span class='ocrx_word' id='word_1_212' title='bbox 959 2899 1026 2980; x_wconf 82' lang='grc' dir='ltr'><strong><em>περὶ</em></strong></span> <span class='ocrx_word' id='word_1_213' title='bbox 1046 2896 1185 2983; x_wconf 39' lang='grc' dir='ltr'>γράφειν,</span> <span class='ocrx_word' id='word_1_214' title='bbox 1198 2907 1272 2965; x_wconf 89' lang='lat' dir='ltr'>scri·</span> 
     </span>
     <span class='ocr_line' id='line_1_26' title="bbox 154 3007 1272 3091; baseline 0.004 -24"><span class='ocrx_word' id='word_1_215' title='bbox 154 3007 237 3067; x_wconf 83' lang='lat' dir='ltr'>bere·</span> <span class='ocrx_word' id='word_1_216' title='bbox 282 3008 345 3068; x_wconf 81' lang='lat' dir='ltr'>Sed</span> <span class='ocrx_word' id='word_1_217' title='bbox 369 3031 407 3069; x_wconf 90' lang='lat' dir='ltr'>ne</span> <span class='ocrx_word' id='word_1_218' title='bbox 435 3010 616 3068; x_wconf 87' lang='lat' dir='ltr'>infinitivum</span> <span class='ocrx_word' id='word_1_219' title='bbox 636 3009 758 3089; x_wconf 87' lang='lat' dir='ltr'>quidem</span> <span class='ocrx_word' id='word_1_220' title='bbox 778 3012 893 3090; x_wconf 88' lang='lat' dir='ltr'>ipsum,</span> <span class='ocrx_word' id='word_1_221' title='bbox 917 3013 1113 3091; x_wconf 85' lang='lat' dir='ltr'>&#39;quantumvis</span> <span class='ocrx_word' id='word_1_222' title='bbox 1134 3013 1272 3089; x_wconf 88' lang='lat' dir='ltr'>singulu-</span> 
     </span>
     <span class='ocr_line' id='line_1_27' title="bbox 154 3100 1273 3190; baseline 0.003 -14"><span class='ocrx_word' id='word_1_223' title='bbox 154 3104 218 3176; x_wconf 80' lang='lat' dir='ltr'>rem</span> <span class='ocrx_word' id='word_1_224' title='bbox 236 3100 463 3176; x_wconf 69' lang='lat' dir='ltr'>interltraditos</span> <span class='ocrx_word' id='word_1_225' title='bbox 486 3115 601 3188; x_wconf 85' lang='lat' dir='ltr'>titulos,</span> <span class='ocrx_word' id='word_1_226' title='bbox 624 3116 668 3174; x_wconf 90' lang='lat' dir='ltr'>ita</span> <span class='ocrx_word' id='word_1_227' title='bbox 690 3117 822 3176; x_wconf 88' lang='lat' dir='ltr'>alienum</span> <span class='ocrx_word' id='word_1_228' title='bbox 843 3117 1011 3190; x_wconf 86' lang='lat' dir='ltr'>iudicarim,</span> <span class='ocrx_word' id='word_1_229' title='bbox 1037 3118 1162 3178; x_wconf 87' lang='lat' dir='ltr'>ntideo</span> <span class='ocrx_word' id='word_1_230' title='bbox 1186 3129 1273 3179; x_wconf 90' lang='lat' dir='ltr'>certa</span> 
     </span>
     <span class='ocr_line' id='line_1_28' title="bbox 154 3213 1272 3314; baseline 0.003 -33"><span class='ocrx_word' id='word_1_231' title='bbox 154 3213 299 3282; x_wconf 87' lang='lat' dir='ltr'>memoria</span> <span class='ocrx_word' id='word_1_232' title='bbox 326 3222 528 3305; x_wconf 86' lang='lat' dir='ltr'>relinquenda</span> <span class='ocrx_word' id='word_1_233' title='bbox 554 3224 609 3282; x_wconf 88' lang='lat' dir='ltr'>sit:</span> <span class='ocrx_word' id='word_1_234' title='bbox 645 3225 688 3283; x_wconf 90' lang='lat' dir='ltr'>sic</span> <span class='ocrx_word' id='word_1_235' title='bbox 716 3226 796 3314; x_wconf 79' lang='lat' dir='ltr'>inter</span> <span class='ocrx_word' id='word_1_236' title='bbox 824 3224 984 3283; x_wconf 90' lang='lat' dir='ltr'>Plutarchi</span> <span class='ocrx_word' id='word_1_237' title='bbox 1007 3223 1120 3301; x_wconf 88' lang='lat' dir='ltr'>scripta</span> <span class='ocrx_word' id='word_1_238' title='bbox 1143 3225 1272 3284; x_wconf 88' lang='lat' dir='ltr'>moralia</span> 
     </span>
     <span class='ocr_line' id='line_1_29' title="bbox 125 3319 1333 3411; baseline 0.001 -22"><span class='ocrx_word' id='word_1_239' title='bbox 125 3319 129 3325; x_wconf 42' lang='lat'><em>⁶</em></span> <span class='ocrx_word' id='word_1_240' title='bbox 154 3351 233 3411; x_wconf 92' lang='lat' dir='ltr'>quae</span> <span class='ocrx_word' id='word_1_241' title='bbox 254 3340 402 3390; x_wconf 85' lang='lat' dir='ltr'>vocantur</span> <span class='ocrx_word' id='word_1_242' title='bbox 423 3330 547 3390; x_wconf 91' lang='lat' dir='ltr'>libellus</span> <span class='ocrx_word' id='word_1_243' title='bbox 571 3339 617 3390; x_wconf 91' lang='lat' dir='ltr'>est</span> <span class='ocrx_word' id='word_1_244' title='bbox 638 3327 706 3408; x_wconf 82' lang='grc' dir='ltr'><strong><em>περὶ</em></strong></span> <span class='ocrx_word' id='word_1_245' title='bbox 728 3329 781 3389; x_wconf 83' lang='grc' dir='ltr'>τοῦ</span> <span class='ocrx_word' id='word_1_246' title='bbox 804 3319 935 3388; x_wconf 71' lang='grc' dir='ltr'><strong><em>ἀκούειν.</em></strong></span> <span class='ocrx_word' id='word_1_247' title='bbox 973 3331 1088 3389; x_wconf 88' lang='lat' dir='ltr'>Verum</span> <span class='ocrx_word' id='word_1_248' title='bbox 1108 3338 1273 3409; x_wconf 87' lang='lat' dir='ltr'>praeterea</span> <span class='ocrx_word' id='word_1_249' title='bbox 1330 3336 1333 3341; x_wconf 82' lang='lat'>&#39;</span> 
     </span>
     <span class='ocr_line' id='line_1_30' title="bbox 154 3425 1270 3517; baseline -0.001 -21"><span class='ocrx_word' id='word_1_250' title='bbox 154 3436 284 3497; x_wconf 87' lang='lat' dir='ltr'>obscura</span> <span class='ocrx_word' id='word_1_251' title='bbox 311 3440 389 3496; x_wconf 90' lang='lat' dir='ltr'>ratic</span> <span class='ocrx_word' id='word_1_252' title='bbox 410 3446 457 3497; x_wconf 91' lang='lat' dir='ltr'>est</span> <span class='ocrx_word' id='word_1_253' title='bbox 481 3459 519 3498; x_wconf 87' lang='lat' dir='ltr'>ea</span> <span class='ocrx_word' id='word_1_254' title='bbox 541 3457 620 3517; x_wconf 87' lang='lat' dir='ltr'>quae</span> <span class='ocrx_word' id='word_1_255' title='bbox 641 3435 839 3498; x_wconf 83' lang='lat' dir='ltr'>desultorium</span> <span class='ocrx_word' id='word_1_256' title='bbox 856 3437 939 3495; x_wconf 88' lang='lat' dir='ltr'>inter</span> <span class='ocrx_word' id='word_1_257' title='bbox 962 3444 992 3494; x_wconf 92' lang='lat' dir='ltr'>et</span> <span class='ocrx_word' id='word_1_258' title='bbox 1014 3427 1047 3492; x_wconf 79' lang='grc' dir='ltr'>τὸ</span> <span class='ocrx_word' id='word_1_259' title='bbox 1069 3425 1198 3512; x_wconf 74' lang='grc' dir='ltr'><em>γράφειν</em></span> <span class='ocrx_word' id='word_1_260' title='bbox 1224 3439 1270 3495; x_wconf 92' lang='lat' dir='ltr'>in·</span> 
     </span>
     <span class='ocr_line' id='line_1_31' title="bbox 153 3534 1270 3631; baseline -0.001 -29"><span class='ocrx_word' id='word_1_261' title='bbox 153 3534 305 3604; x_wconf 82' lang='lat' dir='ltr'>tercedat:</span> <span class='ocrx_word' id='word_1_262' title='bbox 335 3565 435 3625; x_wconf 89' lang='lat' dir='ltr'>neque</span> <span class='ocrx_word' id='word_1_263' title='bbox 461 3565 517 3622; x_wconf 89' lang='lat' dir='ltr'>ego</span> <span class='ocrx_word' id='word_1_264' title='bbox 541 3544 643 3631; x_wconf 81' lang='lat' dir='ltr'>dicere</span> <span class='ocrx_word' id='word_1_265' title='bbox 664 3561 797 3621; x_wconf 88' lang='lat' dir='ltr'>possum,</span> <span class='ocrx_word' id='word_1_266' title='bbox 823 3563 914 3622; x_wconf 89' lang='lat' dir='ltr'>quam</span> <span class='ocrx_word' id='word_1_267' title='bbox 936 3543 1102 3624; x_wconf 86' lang='lat' dir='ltr'>probabilis</span> <span class='ocrx_word' id='word_1_268' title='bbox 1125 3545 1166 3601; x_wconf 90' lang='lat' dir='ltr'>sit</span> <span class='ocrx_word' id='word_1_269' title='bbox 1188 3542 1270 3603; x_wconf 88' lang='lat' dir='ltr'>Och-</span> 
     </span>
     <span class='ocr_line' id='line_1_32' title="bbox 80 3650 1271 3730; baseline 0.001 -22"><span class='ocrx_word' id='word_1_270' title='bbox 80 3664 86 3674; x_wconf 88' lang='lat'><strong>·</strong></span> <span class='ocrx_word' id='word_1_271' title='bbox 153 3651 210 3709; x_wconf 90' lang='lat' dir='ltr'>leri</span> <span class='ocrx_word' id='word_1_272' title='bbox 232 3651 357 3730; x_wconf 89' lang='lat' dir='ltr'>suspitio</span> <span class='ocrx_word' id='word_1_273' title='bbox 377 3650 534 3709; x_wconf 88' lang='lat' dir='ltr'>desultorii</span> <span class='ocrx_word' id='word_1_274' title='bbox 550 3651 671 3707; x_wconf 88' lang='lat' dir='ltr'>nomine</span> <span class='ocrx_word' id='word_1_275' title='bbox 684 3651 853 3709; x_wconf 87' lang='lat' dir='ltr'>Varronem</span> <span class='ocrx_word' id='word_1_276' title='bbox 869 3650 1040 3727; x_wconf 88' lang='lat' dir='ltr'>siguificare</span> <span class='ocrx_word' id='word_1_277' title='bbox 1060 3651 1161 3708; x_wconf 70' lang='lat' dir='ltr'>‘suum</span> <span class='ocrx_word' id='word_1_278' title='bbox 1174 3650 1271 3728; x_wconf 87' lang='lat' dir='ltr'>ipsius</span> 
     </span>
     <span class='ocr_line' id='line_1_33' title="bbox 153 3744 1272 3836; baseline -0.001 -20"><span class='ocrx_word' id='word_1_279' title='bbox 153 3758 307 3834; x_wconf 85' lang='lat' dir='ltr'>ingenium</span> <span class='ocrx_word' id='word_1_280' title='bbox 336 3758 368 3815; x_wconf 93' lang='lat' dir='ltr'>in</span> <span class='ocrx_word' id='word_1_281' title='bbox 399 3759 508 3816; x_wconf 88' lang='lat' dir='ltr'>saturis</span> <span class='ocrx_word' id='word_1_282' title='bbox 540 3755 755 3834; x_wconf 90' lang='lat' dir='ltr'>componendis</span> <span class='ocrx_word' id='word_1_283' title='bbox 783 3744 959 3836; x_wconf 85' lang='lat' dir='ltr'>expeditum</span> <span class='ocrx_word' id='word_1_284' title='bbox 984 3755 1062 3814; x_wconf 91' lang='lat' dir='ltr'>illud</span> <span class='ocrx_word' id='word_1_285' title='bbox 1091 3775 1127 3813; x_wconf 88' lang='lat' dir='ltr'>ac</span> <span class='ocrx_word' id='word_1_286' title='bbox 1150 3774 1272 3835; x_wconf 87' lang='lat' dir='ltr'>semper</span> 
     </span>
    </p>
   </div>
   <div class='ocr_carea' id='block_1_3' title="bbox 153 3861 1364 3943">
    <p class='ocr_par' dir='ltr' id='par_1_4' title="bbox 153 3861 1364 3943">
     <span class='ocr_line' id='line_1_34' title="bbox 153 3861 1364 3943; baseline -0.004 -21"><span class='ocrx_word' id='word_1_287' title='bbox 153 3873 307 3942; x_wconf 88' lang='lat' dir='ltr'>paratum,</span> <span class='ocrx_word' id='word_1_288' title='bbox 341 3883 403 3922; x_wconf 90' lang='lat' dir='ltr'>non</span> <span class='ocrx_word' id='word_1_289' title='bbox 433 3862 529 3922; x_wconf 87' lang='lat' dir='ltr'>solum</span> <span class='ocrx_word' id='word_1_290' title='bbox 558 3862 596 3921; x_wconf 92' lang='lat' dir='ltr'>de</span> <span class='ocrx_word' id='word_1_291' title='bbox 625 3863 733 3941; x_wconf 87' lang='lat' dir='ltr'>quavis</span> <span class='ocrx_word' id='word_1_292' title='bbox 760 3863 888 3921; x_wconf 89' lang='lat' dir='ltr'>materia</span> <span class='ocrx_word' id='word_1_293' title='bbox 915 3864 1073 3943; x_wconf 85' lang='lat' dir='ltr'>proposita</span> <span class='ocrx_word' id='word_1_294' title='bbox 1101 3861 1269 3940; x_wconf 86' lang='lat' dir='ltr'>disputare,</span> <span class='ocrx_word' id='word_1_295' title='bbox 1355 3897 1364 3917; x_wconf 57' lang='lat' dir='ltr'><em>s</em></span> 
     </span>
    </p>
   </div>
   <div class='ocr_carea' id='block_1_4' title="bbox 155 3967 1270 4261">
    <p class='ocr_par' dir='ltr' id='par_1_5' title="bbox 155 3967 1270 4261">
     <span class='ocr_line' id='line_1_35' title="bbox 155 3967 1270 4048; baseline -0.001 -20"><span class='ocrx_word' id='word_1_296' title='bbox 155 3968 210 4028; x_wconf 90' lang='lat' dir='ltr'>sed</span> <span class='ocrx_word' id='word_1_297' title='bbox 241 3969 333 4028; x_wconf 90' lang='lat' dir='ltr'>etiam</span> <span class='ocrx_word' id='word_1_298' title='bbox 361 3970 459 4048; x_wconf 90' lang='lat' dir='ltr'>ipsum</span> <span class='ocrx_word' id='word_1_299' title='bbox 485 3967 606 4027; x_wconf 91' lang='lat' dir='ltr'>dicendi</span> <span class='ocrx_word' id='word_1_300' title='bbox 637 3988 734 4045; x_wconf 88' lang='lat' dir='ltr'>genus</span> <span class='ocrx_word' id='word_1_301' title='bbox 761 3970 881 4028; x_wconf 87' lang='lat' dir='ltr'>variare</span> <span class='ocrx_word' id='word_1_302' title='bbox 911 3979 941 4028; x_wconf 92' lang='lat' dir='ltr'>et</span> <span class='ocrx_word' id='word_1_303' title='bbox 968 3969 1056 4048; x_wconf 87' lang='lat' dir='ltr'>quasi</span> <span class='ocrx_word' id='word_1_304' title='bbox 1083 3969 1270 4028; x_wconf 88' lang='lat' dir='ltr'>desultorum</span> 
     </span>
     <span class='ocr_line' id='line_1_36' title="bbox 155 4074 1268 4155; baseline -0.002 -22"><span class='ocrx_word' id='word_1_305' title='bbox 155 4095 237 4134; x_wconf 90' lang='lat' dir='ltr'>more</span> <span class='ocrx_word' id='word_1_306' title='bbox 272 4096 290 4133; x_wconf 88' lang='lat' dir='ltr'>a</span> <span class='ocrx_word' id='word_1_307' title='bbox 322 4075 458 4155; x_wconf 89' lang='lat' dir='ltr'>pedestri</span> <span class='ocrx_word' id='word_1_308' title='bbox 491 4077 627 4134; x_wconf 89' lang='lat' dir='ltr'>oratione</span> <span class='ocrx_word' id='word_1_309' title='bbox 661 4076 692 4133; x_wconf 91' lang='lat' dir='ltr'>in</span> <span class='ocrx_word' id='word_1_310' title='bbox 720 4095 828 4135; x_wconf 89' lang='lat' dir='ltr'>versus</span> <span class='ocrx_word' id='word_1_311' title='bbox 856 4097 892 4136; x_wconf 86' lang='lat' dir='ltr'>ac</span> <span class='ocrx_word' id='word_1_312' title='bbox 921 4082 1063 4155; x_wconf 72' lang='lat' dir='ltr'>podmata</span> <span class='ocrx_word' id='word_1_313' title='bbox 1090 4074 1268 4133; x_wconf 67' lang='lat' dir='ltr'>transilire?</span> 
     </span>
     <span class='ocr_line' id='line_1_37' title="bbox 155 4179 1268 4261; baseline -0.004 -19"><span class='ocrx_word' id='word_1_314' title='bbox 155 4183 323 4242; x_wconf 90' lang='lat' dir='ltr'>Varronem</span> <span class='ocrx_word' id='word_1_315' title='bbox 347 4180 444 4240; x_wconf 88' lang='lat' dir='ltr'>videri</span> <span class='ocrx_word' id='word_1_316' title='bbox 468 4182 499 4238; x_wconf 92' lang='lat' dir='ltr'>in</span> <span class='ocrx_word' id='word_1_317' title='bbox 525 4182 573 4239; x_wconf 91' lang='lat' dir='ltr'>his</span> <span class='ocrx_word' id='word_1_318' title='bbox 596 4181 750 4260; x_wconf 88' lang='lat' dir='ltr'>opusculis</span> <span class='ocrx_word' id='word_1_319' title='bbox 774 4184 865 4240; x_wconf 81' lang='lat' dir='ltr'>etiam</span> <span class='ocrx_word' id='word_1_320' title='bbox 888 4202 974 4242; x_wconf 91' lang='lat' dir='ltr'>suum</span> <span class='ocrx_word' id='word_1_321' title='bbox 996 4179 1197 4261; x_wconf 90' lang='lat' dir='ltr'>componendi</span> <span class='ocrx_word' id='word_1_322' title='bbox 1221 4201 1268 4239; x_wconf 91' lang='lat' dir='ltr'>sa·</span> 
     </span>
    </p>
   </div>
   <div class='ocr_carea' id='block_1_5' title="bbox 154 4286 1270 4364">
    <p class='ocr_par' dir='ltr' id='par_1_6' title="bbox 154 4286 1270 4364">
     <span class='ocr_line' id='line_1_38' title="bbox 154 4286 1270 4364; baseline 0.002 -19"><span class='ocrx_word' id='word_1_323' title='bbox 154 4295 237 4347; x_wconf 90' lang='lat' dir='ltr'>turas</span> <span class='ocrx_word' id='word_1_324' title='bbox 272 4286 431 4347; x_wconf 87' lang='lat' dir='ltr'>artificium</span> <span class='ocrx_word' id='word_1_325' title='bbox 463 4287 601 4364; x_wconf 86' lang='lat' dir='ltr'>tetigisse</span> <span class='ocrx_word' id='word_1_326' title='bbox 641 4288 680 4346; x_wconf 86' lang='lat' dir='ltr'>ad</span> <span class='ocrx_word' id='word_1_327' title='bbox 718 4295 853 4345; x_wconf 72' lang='lat' dir='ltr'>Brusvcnu</span> <span class='ocrx_word' id='word_1_328' title='bbox 888 4290 1004 4347; x_wconf 88' lang='lat' dir='ltr'>monui:</span> <span class='ocrx_word' id='word_1_329' title='bbox 1054 4308 1112 4348; x_wconf 92' lang='lat' dir='ltr'>nec</span> <span class='ocrx_word' id='word_1_330' title='bbox 1152 4287 1270 4347; x_wconf 88' lang='lat' dir='ltr'>absona</span> 
     </span>
    </p>
   </div>
   <div class='ocr_carea' id='block_1_6' title="bbox 0 0 1386 4890">
    <p class='ocr_par' dir='ltr' id='par_1_7' title="bbox 0 0 1386 4890">
     <span class='ocr_line' id='line_1_39' title="bbox 0 0 1386 4890; baseline 0 0"><span class='ocrx_word' id='word_1_331' title='bbox 0 0 1386 4890; x_wconf 95' lang='lat' dir='ltr'> </span> 
     </span>
    </p>
   </div>
  </div>
 </body>
</html>
