2760 4890
153 336 212 399 198
446 415 449 422 Ι
580 343 836 431 conmortuus.

149 509 222 567 tiam
244 508 334 565 etiam
360 507 392 563 in
414 505 475 563 alia
496 512 619 583 praeter
637 511 741 562 Mirum
763 512 866 563 saturo
888 503 1051 577 extulisse,
1079 504 1178 581 potuit
1198 503 1266 561 fere

150 612 258 672 iisdem
279 612 397 685 verbis,
424 621 458 669 ut
485 631 523 690 ex
546 632 587 670 ea.
605 612 753 672 dictorum
775 611 957 687 cognatione
978 630 1039 668 non
1063 609 1266 668 confidentius

151 720 242 779 etiam
263 720 418 779 titulorum
440 719 870 801 cohaerentiamcollegerim.
916 720 956 777 Et
976 717 1078 777 obstat
1098 717 1266 776 auctoritas

150 825 259 906 Nonii,
289 846 308 883 a
333 844 391 904 quo
415 847 482 885 cum
504 825 614 903 viginti
635 823 750 884 duobus
770 825 846 886 locis
860 827 988 914 ¹Manius
1008 825 1133 897 citetur,
1157 844 1196 882 ne
1218 843 1266 882 se-

150 931 211 990 mel
230 930 353 1011 quidem
375 935 426 992 vel
449 934 611 1010 vestigium
632 931 757 991 alterius
778 933 983 1012 inscriptionis
998 934 1163 1012 reperitur:
1188 951 1268 1011 quae

150 1057 200 1096 res
224 1047 369 1117 quantum
392 1039 432 1098 ad
451 1039 532 1097 hanc
555 1059 678 1097 causam
699 1038 803 1097 valere
825 1040 976 1111 videatur,
1000 1039 1080 1097 infra
1098 1044 1284 1117 persequar

150 1145 296 1226 pluribus.
342 1148 451 1226 Itaque
480 1167 540 1205 non
574 1146 720 1224 deceptus
754 1146 814 1204 mei
839 1145 942 1225 specie
961 1146 1077 1203 inventi
1098 1145 1130 1203 in
1149 1143 1268 1202 incerto

150 1253 230 1312 hanc
260 1254 470 1334 quaestionem
497 1254 653 1332 relinquo,
687 1252 745 1310 nisi
773 1252 855 1333 quod
876 1253 952 1312 illud
974 1272 1053 1311 nunc
1074 1251 1180 1331 paullo
1203 1269 1268 1309 cer-

151 1361 211 1417 tius
239 1368 380 1439 apparet,
408 1358 572 1418 Mercklini
594 1361 791 1440 suspitionem
813 1361 933 1437 longius
955 1359 1007 1418 vel
1027 1378 1045 1415 a
1068 1355 1268 1416 similitudine

152 1466 218 1523 veri
241 1464 360 1525 abesse.

239 1570 414 1630 Comitabor
446 1572 565 1631 interim
592 1572 794 1632 Merclrlinum
829 1572 868 1633 ad
895 1591 1024 1650 graecas
1052 1570 1269 1649 inscriptiones

153 1697 205 1736 eas
233 1660 458 1753 devertentem,
485 1699 563 1759 quae
593 1679 761 1756 argumenti
784 1687 899 1738 tanturn
922 1688 1094 1739 saturarum
1117 1675 1269 1736 indiculos

102 1817 104 1820 -
153 1782 410 1862 complectuntur:
435 1781 503 1863 περὶ
531 1782 687 1864 uictorum
716 1782 782 1862 περὶ
804 1779 987 1863 ἕδεσμάτων;
1015 1779 1082 1860 περὶ
1104 1778 1268 1860 ἐξαγωγῆςς

152 1885 218 1965 περὶ
241 1891 398 1969 κεραυνοῦ.

236 1995 288 2054 Ad
308 2002 498 2062 Sessoronxsn
518 1999 580 2059 dixi
597 1999 677 2057 hunc
699 1997 839 2074 indicem,
853 2017 920 2056 cum
941 1987 1039 2076 primd
1058 2017 1097 2056 ex
1116 1995 1179 2054 illis
1200 1991 1269 2071 περὶ

151 2098 292 2180 αἱρέσεων
314 2125 333 2162 a
353 2105 534 2177 Mercklino,
557 2108 609 2185 qui
630 2106 789 2164 Hertzium
811 2104 956 2184 sequitur,
981 2103 1133 2183 copulari3
1158 2122 1195 2160 ac
1218 2122 1268 2160 cn-

152 2211 261 2269 riosius
285 2232 368 2284 eam,
397 2232 458 2291 qua
479 2212 556 2270 hacc
578 2213 683 2271 nititur
703 2211 845 2291 suspitio,
869 2213 1106 2288 fragmentorum
1130 2208 1269 2268 similitu-

153 2316 254 2375 dinem
271 2302 450 2396 persecutus
474 2308 621 2392 concessi,
643 2319 780 2396 potuisse
799 2339 837 2377 ea
851 2324 911 2376 uno
928 2318 1097 2397 eodemque
1112 2318 1184 2375 olim
1199 2337 1269 2375 sen·

153 2424 315 2481 tentiarum
344 2423 457 2483 ambitu
482 2444 599 2484 conexa
626 2425 730 2483 fuisse.
776 2423 838 2484 Sed
865 2433 966 2482 tamen
993 2424 1151 2504 quominus
1176 2424 1268 2481 confi-

154 2528 272 2587 dentior
294 2531 325 2587 in
340 2530 503 2589 Mercklini
521 2539 624 2610 partes
644 2530 773 2609 pedibus
796 2531 879 2604 irem,
901 2530 1055 2610 prohibuit
1072 2527 1164 2601 idern,
1186 2528 1269 2608 quod

152 2637 311 2695 Hertzium
346 2635 472 2695 adduxit
509 2645 541 2695 ut
574 2636 662 2695 modo
690 2638 802 2696 editam
833 2638 1036 2715 coniecturam
1064 2635 1135 2694 ilico
1162 2655 1270 2694 rursus

153 2742 276 2799 missam
302 2743 434 2800 faceret:
463 2763 572 2822 nempe
601 2764 669 2802 eum
696 2745 777 2804 male
797 2743 948 2817 babebat,
978 2743 1111 2801 Nonium
1133 2743 1269 2801 invicem

153 2846 289 2904 eiusdem
319 2854 439 2906 saturae
466 2870 545 2907 nunc
567 2851 698 2929 priorem
720 2859 853 2923 tanturn,
881 2869 962 2908 nunc
981 2857 1097 2908 tantum
1119 2851 1269 2929 posterio-

151 2970 216 3009 rem
245 2952 472 3031 inscriptionem
498 2956 650 3030 attulisse,
677 2957 735 3015 hoc
762 2966 823 3030 est,
855 2966 888 3015 ut
908 2956 1011 3034 paullo
1033 2960 1204 3017 accuratius
1225 2959 1269 3017 di-

153 3079 234 3129 cam,
265 3057 393 3117 eandem
415 3069 547 3119 saturam
568 3062 792 3140 duodetriginta
814 3063 889 3122 locis
910 3061 966 3121 sub
989 3063 1192 3143 Sesquiulixis
1215 3085 1269 3123 no-

152 3167 242 3239 mine,
265 3165 359 3225 tribus
382 3163 448 3239 aspi
466 3167 603 3247 αἱρέσεων
624 3172 720 3230 citari.
767 3171 860 3231 Cuius
879 3170 1002 3250 quidem
1026 3171 1185 3230 varietatis
1207 3179 1268 3231 tes-

152 3273 237 3332 tandi
268 3273 456 3333 Mercklinus
491 3278 551 3335 alia
585 3278 617 3336 in
650 3287 790 3358 promptu
825 3298 894 3337 esse
920 3276 1062 3355 exempla
1089 3279 1268 3350 autumavit,

152 3400 261 3460 nempe
286 3401 336 3452 ea,
364 3401 443 3459 quae
461 3382 528 3461 ipse
545 3385 681 3463 protulit,
705 3387 898 3445 coniecturae
917 3369 1180 3464 probabilitatem,
1208 3405 1270 3442 non

153 3495 303 3545 certorum
321 3487 449 3544 'testium
470 3488 561 3547 fidem
582 3500 718 3550 secutus:
744 3492 933 3570 eandemque
955 3491 1135 3548 varietatem
1156 3488 1271 3547 adiecit

152 3594 346 3652 multifariam
383 3594 568 3673 explicatum
601 3597 715 3655 babere
743 3599 774 3654 in
797 3598 1029 3656 lacunosissimo
1058 3596 1268 3673 grammatico,

153 3699 274 3778 qualem
300 3718 380 3757 nunc
412 3700 545 3760 Nonium
571 3701 762 3762 haberemus.
813 3704 901 3763 Itane
929 3703 1025 3762 vero?
1062 3701 1271 3778 undetriginta

151 3805 227 3863 locis
256 3800 323 3880 περὶ
353 3802 493 3882 αἱρέσεων
521 3807 634 3880 verba,
663 3807 758 3867 tribus
784 3808 985 3890 Sesquinlixis
1013 3796 1269 3869 nomenlacunis

156 3909 299 3989 absorpta
330 3916 492 3990 putamus?
536 3916 585 3974 Nc
612 3916 696 3974 illum
724 3916 936 3975 miserabiliter
957 3918 1145 3996 perforatum
1168 3934 1268 3991 gram-

153 4019 296 4077 maticum
325 4019 540 4093 nanciscimur,
582 4023 608 4080 si
635 4024 723 4081 unius
752 4022 789 4081 de
819 4023 979 4098 sexaginta
1008 4023 1128 4080 circiter
1157 4023 1270 4080 saturis

153 4124 310 4203 inscriptio
332 4131 377 4181 tot
398 4125 575 4185 lacunarum
593 4129 790 4206 suspitionem
809 4137 919 4188 movet.
966 4127 1008 4186 At
1031 4149 1103 4189 vero
1122 4127 1268 4187 Merokli-

153 4252 209 4290 nus
233 4251 299 4290 curn
323 4231 437 4290 diceret
457 4231 494 4290 de
512 4231 631 4293 lacunis
647 4234 749 4307 Nonii,
769 4236 914 4311 cogitavit
938 4245 1020 4294 certe
1044 4237 1136 4295 etiarn
1154 4234 1193 4293 de
1215 4255 1269 4293 no-

154 4338 310 4416 glegentia
332 4339 395 4397 eius
418 4340 623 4415 grammatici,
647 4361 738 4420 quam
759 4341 839 4400 infra
858 4363 888 4421 p.
912 4350 961 4405 391
983 4364 1028 4422 sq.
1052 4344 1201 4418 nonsine
1220 4363 1268 4400 ra-
