2760 4890
189 327 247 390 188
268 348 273 355 ·
616 339 871 387 conmortuus.

185 501 291 560 niano:
313 504 422 569 bucule,
447 499 528 579 quod
544 501 732 558 concinnitas
746 498 882 578 requirit,
903 517 957 577 pro
974 500 1084 556 boccho
1098 497 1149 556 vel
1165 500 1305 579 ducebam

185 606 329 665 librorum
351 615 382 666 et
402 611 546 666 buecbuus
569 607 744 666 editionum}
788 607 839 664 Fr.
862 606 962 664 XXII
983 625 1090 664 versus
1111 605 1305 682 recuperavi,

189 733 315 793 quorum
344 714 506 774 simulacra
527 714 677 796 quaedam
701 711 854 772 Oehlerus
877 697 1091 773 caecostudio
1114 711 1305 772 Basilienses

187 826 309 878 secutus
343 818 533 897 depinxerat.
567 824 642 879 iubet
674 837 736 879 esse
764 822 953 899 transposui,
987 816 1049 879 esse
1079 823 1156 879 iubet
1179 808 1306 879 ’codices

185 924 278 983 Nonii
299 945 330 1003 p.
354 933 421 998 236,
446 933 481 986 24
510 934 540 985 et
566 947 595 1005 p.
616 935 682 1000 452,
706 937 732 990 9·
778 914 915 986 Alterius
942 947 1049 987 versus
1078 948 1223 987 mensura
1246 948 1305 1007 quo

187 1040 342 1090 constaret
364 1036 429 1090 ueri
454 1032 577 1092 inserui.
622 1037 704 1092 eiecit
728 1053 783 1111 pro
804 1037 880 1093 elicit
902 1053 919 1092 e
941 1034 1163 1113 Bambergensi
1184 1035 1304 1114 recepi:

188 1138 228 1197 ef.
260 1159 339 1218 quae
368 1138 405 1198 de
432 1146 572 1200 accedens
603 1141 752 1218 scriptura
787 1160 842 1219 pro
871 1143 1004 1198 accidens
1032 1162 1062 1220 p.
1088 1152 1122 1206 95
1151 1141 1305 1201 admonui.

186 1247 247 1306 Pro
276 1250 413 1317 uillicum,
442 1245 525 1325 quod
551 1246 656 1304 Iunius
687 1246 832 1318 correxit,
853 1247 901 1304 *in
927 1243 1012 1304 libris
1039 1268 1069 1325 p.
1100 1256 1152 1310 452
1181 1251 1306 1307 vellicem

188 1352 344 1426 scribitur,
383 1351 464 1412 unde
495 1353 608 1412 rectius
641 1353 770 1411 fortasse
803 1355 932 1410 celticum
966 1352 1026 1412 dici
1063 1352 1215 1414 Oehlerus
1253 1353 1306 1413 ad·

187 1467 283 1517 notat.
328 1459 380 1519 Sic
405 1459 503 1518 Varro
532 1456 570 1516 de
598 1477 631 1516 re
659 1459 772 1517 rustica
792 1459 809 1517 I
829 1467 862 1531 2,
892 1469 938 1520 14:
968 1481 987 1518 u
1015 1479 1071 1535 quo
1099 1464 1203 1519 rustici
1221 1465 1307 1519 etium

188 1583 265 1622 rruue
293 1583 404 1638 quoque
433 1569 506 1624 vium
533 1582 612 1624 veum
634 1568 782 1638 appellant
805 1611 811 1622 .
834 1612 840 1623 .
862 1576 890 1624 et
911 1571 1011 1626 uellam
1030 1588 1086 1628 uon
1105 1572 1210 1627 uillam.
1257 1567 1305 1628 Of.

189 1690 267 1750 quae
305 1670 387 1728 idem
417 1669 490 1730 ibid.
516 1663 532 1730 Ι
557 1680 606 1742 48,
628 1650 654 1730 2
690 1669 728 1741 de
755 1673 849 1750 spe'ca
876 1681 907 1731 et
939 1674 1025 1753 spica
1057 1672 1178 1734 scribit:
1214 1680 1306 1748 spica,

188 1796 275 1852 quom
297 1781 413 1847 rustici,
438 1784 469 1835 ut
491 1786 666 1851 occeperunt
687 1781 853 1853 antiquitus,
876 1761 978 1838 uocant
999 1798 1130 1855 specum,
1152 1799 1171 1837 a
1192 1765 1245 1854 spe
1268 1785 1307 1840 ui-

187 1890 272 1944 detur
302 1889 457 1944 nominato.
502 1883 582 1944 Vide
611 1883 801 1961 scaligerum
821 1884 859 1945 de
885 1904 985 1945 senum
1006 1895 1038 1946 et
1064 1890 1158 1945 sinum
1181 1888 1212 1946 in
1235 1908 1305 1947 con-

187 1992 335 2052 iectaneis
356 2012 387 2070 p.
408 1999 468 2052 210.
513 1990 577 2049 Sed
598 1991 767 2050 Varronem
796 1991 894 2070 ipsum
913 1994 1072 2072 scripsisse
1095 1996 1224 2052 uellieum
1247 2015 1307 2052 non

94 2159 96 2163 .
122 2141 123 2145 ,
189 2094 335 2159 credibile
355 2104 414 2156 est.
459 2096 511 2155 Fr.
531 2095 648 2156 XXIII
676 2098 758 2179 quod
780 2100 917 2159 inlibris
939 2101 982 2159 ita
1003 2099 1134 2160 habetur
1155 2121 1185 2179 p.
1209 2110 1309 2175 3924

190 2209 311 2279 denique
334 2206 399 2277 quis
420 2221 511 2261 sunus
531 2212 574 2261 est
594 2223 710 2276 auarus,
734 2181 782 2264 cui
804 2211 904 2265 sistet
925 2214 1006 2264 terra
1026 2209 1057 2263 id
1077 2210 1204 2266 traditus
1220 2212 1307 2279 orbis,

185 2314 317 2387 furendo
342 2319 437 2368 tumen
462 2328 497 2367 ue
520 2313 617 2369 morbo
639 2356 644 2368 .
669 2355 675 2366 .
699 2356 705 2367 .
724 2315 837 2384 peculi,
861 2333 891 2391 p.
913 2319 980 2384 264,
998 2319 1034 2371 20
1055 2311 1187 2384 furando
1212 2323 1308 2374 tumen

189 2438 224 2477 ue
245 2418 367 2475 morde.
389 2462 395 2474 .
418 2462 425 2474 .
443 2422 549 2491 peculi,
570 2416 785 2476 Lachmannus
803 2418 934 2498 repulsis
950 2416 1099 2478 editorum
1116 2419 1240 2498 ineptiis
1259 2441 1307 2480 re-

189 2524 286 2583 stituit
306 2530 340 2581 ut
360 2542 452 2600 supra
473 2523 582 2602 scripsi
602 2522 641 2583 ad
662 2523 798 2583 Lucretii
814 2525 848 2583 ΙΙ
871 2532 931 2596 181,
953 2522 1006 2581 ubi
1023 2528 1121 2583 standi
1140 2514 1305 2600 notionem,

189 2651 269 2710 quae
289 2630 340 2688 hic
366 2637 428 2701 est,
458 2627 601 2707 explicat.
647 2628 735 2688 Idem
758 2629 798 2688 ad
827 2629 962 2690 eiusdem
988 2629 1058 2690 libri
1076 2652 1106 2691 v.
1128 2640 1181 2696 829
1201 2654 1232 2712 p.
1259 2642 1308 2695 122

189 2741 252 2812 quis
277 2742 380 2793 suuust
403 2736 547 2807 formam,
571 2755 668 2817 quam
691 2732 843 2796 Oehlerus
867 2738 1056 2798 memorabili
1079 2737 1240 2816 diligentia
1263 2742 1306 2799 sic

188 2852 277 2902 suuu’
301 2850 343 2900 ’st
363 2841 524 2920 expressit,
546 2860 606 2898 non
629 2842 787 2902 ferendam
812 2864 880 2904 esse
901 2847 932 2904 in
947 2845 1094 2906 Varronis
1120 2845 1308 2906 hexametris

189 2958 301 3010 monet.
346 2949 394 3009 Of.
419 2966 498 3026 quae
522 2945 585 3035 dixi
607 2967 636 3025 p.
655 2956 699 3011 27,
1206 2939 1210 2946 ’

273 3057 325 3116 Fr.
343 3046 516 3116 xxlv'ne
539 3055 587 3114 vis
612 3064 642 3114 et
665 3059 854 3118 concinnitas
874 3058 1045 3118 sententiae
1067 3056 1305 3132 desideraretur,

189 3174 217 3222 et
239 3163 352 3222 insenri
379 3170 449 3221 ante
479 3165 565 3220 suni:
596 3170 730 3223 ceterum
753 3163 873 3224 collatis
895 3165 1074 3224 testimoniis
1094 3164 1188 3223 Nonii
1208 3186 1237 3244 p.
1263 3176 1307 3238 35,

191 3281 225 3336 16
248 3281 328 3350 etp.
352 3280 418 3341 549,
442 3277 476 3329 22
499 3288 536 3326 ea
556 3269 755 3328 conformatio
778 3271 941 3348 fragmenti
962 3272 1078 3350 prodit,
1103 3292 1194 3351 quam
1216 3292 1308 3350 supra

191 3385 312 3437 secutus
342 3397 422 3435 sum:
458 3392 522 3433 nec·
547 3373 585 3433 de
611 3374 812 3436 collocatione
839 3377 1001 3436 verborum
1023 3381 1155 3437 uidentur
1176 3396 1240 3437 esse
1264 3378 1305 3459 (p.

191 3492 243 3547 549
263 3500 325 3541 esse
346 3486 479 3541 uidentur
496 3480 626 3559 legitur),
646 3479 793 3540 dubitatio
817 3502 886 3543 esse
905 3491 1016 3569 potest.

275 3591 357 3666 Ergo
377 3588 499 3649 Veritas
521 3588 594 3646 licet
616 3607 671 3645 sua
694 3587 899 3667 disputatione
920 3588 996 3648 illud
1021 3581 1185 3667 effecisset,
1209 3601 1242 3651 ut
1261 3596 1306 3652 fu·

190 3697 304 3768 riosus,
336 3715 427 3774 quem
455 3701 597 3773 putarant
625 3710 744 3767 omnes,
777 3714 810 3754 se
837 3695 897 3754 iam
920 3717 981 3754 non
1005 3696 1159 3757 dementia
1185 3708 1307 3778 captum

191 3801 387 3870 existimaret,
411 3810 513 3862 tamen
537 3821 604 3860 cunr
624 3800 718 3860 semel
741 3798 823 3860 fama
845 3803 993 3861 insaniam
1016 3803 1081 3862 eius
1103 3790 1307 3883 divulgasset,

191 3908 228 3967 ab
256 3908 325 3987 ipsa
352 3908 586 3968 Existimatione
613 3906 745 3966 debebat
771 3909 803 3966 in
832 3930 973 3969 sanorum
1003 3931 1160 3970 numerum
1186 3912 1307 3971 referri.

191 4017 370 4076 Forensium
385 4015 477 4092 igitur
498 4015 642 4074 iudicium
664 4015 846 4095 anquiritur:

275 4122 370 4182 XXV
393 4120 453 4201 (44)
483 4127 627 4182 Forenses
648 4128 814 4196 decernunt,
837 4129 867 4184 ut
889 4129 1073 4185 Existimatio
1094 4141 1195 4184 nomen
1214 4143 1309 4184 meum

191 4235 220 4290 in
243 4250 381 4290 sanorum
404 4249 554 4290 numerum
576 4232 697 4305 referat.

191 4343 334 4398 Foreuses
363 4347 501 4417 apertum
529 4347 576 4398 est
603 4341 708 4398 vocari
736 4337 787 4417 qui
812 4340 844 4397 in
869 4339 934 4397 foro
956 4347 1116 4399 versantur
1138 4345 1169 4396 et
1188 4339 1310 4415 agitare
