<?xml version="1.0" encoding="UTF-8"?>
<!DOCTYPE html PUBLIC "-//W3C//DTD XHTML 1.0 Transitional//EN"
    "http://www.w3.org/TR/xhtml1/DTD/xhtml1-transitional.dtd">
<html xmlns="http://www.w3.org/1999/xhtml" xml:lang="en" lang="en">
 <head>
  <title>
</title>
<meta http-equiv="Content-Type" content="text/html;charset=utf-8" />
  <meta name='ocr-system' content='tesseract 3.04.00' />
  <meta name='ocr-capabilities' content='ocr_page ocr_carea ocr_par ocr_line ocrx_word'/>
</head>
<body>
  <div class='ocr_page' id='page_1' title='image "./ioannisvahlenii00vahlgoog_0032.png"; bbox 0 0 2760 4890; ppageno 0'>
   <div class='ocr_carea' id='block_1_1' title="bbox 556 326 812 379">
    <p class='ocr_par' dir='ltr' id='par_1_1' title="bbox 556 326 812 379">
     <span class='ocr_line' id='line_1_1' title="bbox 556 326 812 379; baseline -0.004 -1"><span class='ocrx_word' id='word_1_1' title='bbox 556 326 812 379; x_wconf 71' lang='lat' dir='ltr'><strong>conmortuus.</strong></span> 
     </span>
    </p>
   </div>
   <div class='ocr_carea' id='block_1_2' title="bbox 130 491 1075 718">
    <p class='ocr_par' dir='ltr' id='par_1_2' title="bbox 130 491 1075 718">
     <span class='ocr_line' id='line_1_2' title="bbox 286 491 1075 563; baseline -0.003 -17"><span class='ocrx_word' id='word_1_2' title='bbox 286 492 346 546; x_wconf 86' lang='lat' dir='ltr'><strong>Tuo</strong></span> <span class='ocrx_word' id='word_1_3' title='bbox 369 493 473 562; x_wconf 81' lang='lat' dir='ltr'><strong>templo</strong></span> <span class='ocrx_word' id='word_1_4' title='bbox 497 492 536 545; x_wconf 84' lang='lat' dir='ltr'><strong>od</strong></span> <span class='ocrx_word' id='word_1_5' title='bbox 556 492 615 546; x_wconf 80' lang='lat' dir='ltr'><strong>alta</strong></span> <span class='ocrx_word' id='word_1_6' title='bbox 636 491 704 562; x_wconf 79' lang='lat' dir='ltr'><strong>fani</strong></span> <span class='ocrx_word' id='word_1_7' title='bbox 720 505 889 563; x_wconf 82' lang='lat' dir='ltr'><strong>properans</strong></span> <span class='ocrx_word' id='word_1_8' title='bbox 910 492 983 547; x_wconf 80' lang='lat' dir='ltr'><strong>citus</strong></span> <span class='ocrx_word' id='word_1_9' title='bbox 1003 492 1075 547; x_wconf 83' lang='lat' dir='ltr'><strong>itere</strong></span> 
     </span>
     <span class='ocr_line' id='line_1_3' title="bbox 130 639 557 718; baseline 0 -20"><span class='ocrx_word' id='word_1_10' title='bbox 130 639 211 718; x_wconf 88' lang='lat' dir='ltr'><strong>apud</strong></span> <span class='ocrx_word' id='word_1_11' title='bbox 232 639 363 699; x_wconf 89' lang='lat' dir='ltr'>Nonium</span> <span class='ocrx_word' id='word_1_12' title='bbox 386 661 416 718; x_wconf 94' lang='lat' dir='ltr'><strong>p.</strong></span> <span class='ocrx_word' id='word_1_13' title='bbox 440 648 505 711; x_wconf 79' lang='lat'>485,</span> <span class='ocrx_word' id='word_1_14' title='bbox 530 648 557 702; x_wconf 87' lang='lat'><strong>9.</strong></span> 
     </span>
    </p>
   </div>
   <div class='ocr_carea' id='block_1_3' title="bbox 281 795 1048 866">
    <p class='ocr_par' dir='ltr' id='par_1_3' title="bbox 281 795 1048 866">
     <span class='ocr_line' id='line_1_4' title="bbox 281 795 1048 866; baseline 0.003 -17"><span class='ocrx_word' id='word_1_15' title='bbox 281 795 405 866; x_wconf 67' lang='lat' dir='ltr'><strong>Frygius</strong></span> <span class='ocrx_word' id='word_1_16' title='bbox 423 809 479 865; x_wconf 84' lang='lat' dir='ltr'><strong>per</strong></span> <span class='ocrx_word' id='word_1_17' title='bbox 499 809 564 849; x_wconf 79' lang='lat' dir='ltr'><strong>ossa</strong></span> <span class='ocrx_word' id='word_1_18' title='bbox 585 809 692 850; x_wconf 80' lang='lat' dir='ltr'><strong>cornus</strong></span> <span class='ocrx_word' id='word_1_19' title='bbox 714 796 822 865; x_wconf 82' lang='lat' dir='ltr'><strong>liquida</strong></span> <span class='ocrx_word' id='word_1_20' title='bbox 843 795 921 850; x_wconf 83' lang='lat' dir='ltr'><strong>canit</strong></span> <span class='ocrx_word' id='word_1_21' title='bbox 944 796 1048 851; x_wconf 69' lang='lat' dir='ltr'><strong>oniaco.</strong></span> 
     </span>
    </p>
   </div>
   <div class='ocr_carea' id='block_1_4' title="bbox 129 925 1245 1537">
    <p class='ocr_par' dir='ltr' id='par_1_4' title="bbox 129 925 1245 1537">
     <span class='ocr_line' id='line_1_5' title="bbox 129 925 1242 1009; baseline 0.004 -23"><span class='ocrx_word' id='word_1_22' title='bbox 129 927 180 986; x_wconf 87' lang='lat' dir='ltr'><strong>Sic</strong></span> <span class='ocrx_word' id='word_1_23' title='bbox 211 929 290 985; x_wconf 89' lang='lat' dir='ltr'><strong>enim</strong></span> <span class='ocrx_word' id='word_1_24' title='bbox 317 929 565 1003; x_wconf 76' lang='lat' dir='ltr'><strong>srypios&#39;graeca</strong></span> <span class='ocrx_word' id='word_1_25' title='bbox 586 927 670 984; x_wconf 90' lang='lat' dir='ltr'><strong>finali</strong></span> <span class='ocrx_word' id='word_1_26' title='bbox 693 925 792 984; x_wconf 88' lang='lat' dir='ltr'><strong>scribo</strong></span> <span class='ocrx_word' id='word_1_27' title='bbox 815 927 949 986; x_wconf 90' lang='lat' dir='ltr'>Nonium</span> <span class='ocrx_word' id='word_1_28' title='bbox 971 937 1107 1003; x_wconf 83' lang='lat' dir='ltr'><strong>secutus,</strong></span> <span class='ocrx_word' id='word_1_29' title='bbox 1139 930 1190 1008; x_wconf 89' lang='lat' dir='ltr'><strong>qui</strong></span> <span class='ocrx_word' id='word_1_30' title='bbox 1212 951 1242 1009; x_wconf 91' lang='lat' dir='ltr'><strong>p.</strong></span> 
     </span>
     <span class='ocr_line' id='line_1_6' title="bbox 129 1035 1243 1110; baseline 0.001 -19"><span class='ocrx_word' id='word_1_31' title='bbox 129 1043 195 1106; x_wconf 79' lang='lat'>233,</span> <span class='ocrx_word' id='word_1_32' title='bbox 221 1043 252 1095; x_wconf 74' lang='lat'><strong>12</strong></span> <span class='ocrx_word' id='word_1_33' title='bbox 274 1038 398 1108; x_wconf 77' lang='lat' dir='ltr'><strong>Frypios</strong></span> <span class='ocrx_word' id='word_1_34' title='bbox 423 1052 509 1108; x_wconf 82' lang='lat' dir='ltr'><strong>per.</strong></span> <span class='ocrx_word' id='word_1_35' title='bbox 534 1079 540 1090; x_wconf 92' lang='lat'><strong>.</strong></span> <span class='ocrx_word' id='word_1_36' title='bbox 565 1077 571 1088; x_wconf 93' lang='lat'><strong>.</strong></span> <span class='ocrx_word' id='word_1_37' title='bbox 594 1035 673 1089; x_wconf 82' lang='lat' dir='ltr'><strong>canit</strong></span> <span class='ocrx_word' id='word_1_38' title='bbox 700 1039 731 1089; x_wconf 92' lang='lat' dir='ltr'><strong>et</strong></span> <span class='ocrx_word' id='word_1_39' title='bbox 757 1051 787 1110; x_wconf 88' lang='lat' dir='ltr'><strong>p.</strong></span> <span class='ocrx_word' id='word_1_40' title='bbox 807 1041 873 1103; x_wconf 78' lang='lat'>334,</span> <span class='ocrx_word' id='word_1_41' title='bbox 904 1042 936 1095; x_wconf 83' lang='lat'><strong>13</strong></span> <span class='ocrx_word' id='word_1_42' title='bbox 963 1037 1071 1109; x_wconf 78' lang='lat' dir='ltr'><strong>Fripus</strong></span> <span class='ocrx_word' id='word_1_43' title='bbox 1094 1053 1152 1109; x_wconf 83' lang='lat' dir='ltr'><strong>per</strong></span> <span class='ocrx_word' id='word_1_44' title='bbox 1176 1082 1181 1094; x_wconf 90' lang='lat'><strong>.</strong></span> <span class='ocrx_word' id='word_1_45' title='bbox 1206 1083 1212 1094; x_wconf 90' lang='lat'><strong>.</strong></span> <span class='ocrx_word' id='word_1_46' title='bbox 1237 1083 1243 1092; x_wconf 93' lang='lat'><strong>.</strong></span> 
     </span>
     <span class='ocr_line' id='line_1_7' title="bbox 130 1137 1245 1220; baseline 0.005 -24"><span class='ocrx_word' id='word_1_47' title='bbox 130 1143 226 1197; x_wconf 78' lang='lat' dir='ltr'><strong>animo</strong></span> <span class='ocrx_word' id='word_1_48' title='bbox 248 1138 351 1199; x_wconf 85' lang='lat' dir='ltr'><strong>tradit.</strong></span> <span class='ocrx_word' id='word_1_49' title='bbox 388 1139 435 1200; x_wconf 82' lang='lat' dir='ltr'><strong>Of.</strong></span> <span class='ocrx_word' id='word_1_50' title='bbox 451 1137 637 1198; x_wconf 88' lang='lat' dir='ltr'><strong>Ritschelius</strong></span> <span class='ocrx_word' id='word_1_51' title='bbox 659 1155 730 1197; x_wconf 91' lang='lat' dir='ltr'><strong>nov.</strong></span> <span class='ocrx_word' id='word_1_52' title='bbox 750 1157 826 1198; x_wconf 86' lang='lat' dir='ltr'><strong>mus.</strong></span> <span class='ocrx_word' id='word_1_53' title='bbox 843 1138 942 1198; x_wconf 86' lang='lat' dir='ltr'><strong>Rhen.</strong></span> <span class='ocrx_word' id='word_1_54' title='bbox 960 1140 1010 1200; x_wconf 92' lang='lat' dir='ltr'><strong>IX</strong></span> <span class='ocrx_word' id='word_1_55' title='bbox 1028 1161 1058 1220; x_wconf 92' lang='lat' dir='ltr'><strong>p.</strong></span> <span class='ocrx_word' id='word_1_56' title='bbox 1076 1150 1116 1205; x_wconf 83' lang='grc'><strong>17.</strong></span> <span class='ocrx_word' id='word_1_57' title='bbox 1153 1142 1245 1220; x_wconf 76' lang='lat' dir='ltr'><strong>Quod</strong></span> 
     </span>
     <span class='ocr_line' id='line_1_8' title="bbox 131 1234 1244 1324; baseline 0.002 -20"><span class='ocrx_word' id='word_1_58' title='bbox 131 1265 198 1304; x_wconf 88' lang='lat' dir='ltr'><strong>cum</strong></span> <span class='ocrx_word' id='word_1_59' title='bbox 220 1245 273 1302; x_wconf 92' lang='lat' dir='ltr'><strong>illo</strong></span> <span class='ocrx_word' id='word_1_60' title='bbox 297 1246 386 1303; x_wconf 87' lang='lat' dir='ltr'><strong>trium</strong></span> <span class='ocrx_word' id='word_1_61' title='bbox 408 1265 551 1305; x_wconf 89' lang='lat' dir='ltr'><strong>versuum</strong></span> <span class='ocrx_word' id='word_1_62' title='bbox 572 1243 775 1318; x_wconf 80' lang='lat' dir='ltr'><strong>fragmentum</strong></span> <span class='ocrx_word' id='word_1_63' title='bbox 793 1243 989 1304; x_wconf 89' lang='lat' dir='ltr'><strong>Hermannus</strong></span> <span class='ocrx_word' id='word_1_64' title='bbox 1012 1234 1176 1324; x_wconf 85' lang='lat' dir='ltr'><strong>copularit,</strong></span> <span class='ocrx_word' id='word_1_65' title='bbox 1201 1257 1244 1306; x_wconf 90' lang='lat' dir='ltr'><strong>at·</strong></span> 
     </span>
     <span class='ocr_line' id='line_1_9' title="bbox 129 1350 1244 1429; baseline 0.001 -19"><span class='ocrx_word' id='word_1_66' title='bbox 129 1353 243 1429; x_wconf 90' lang='lat' dir='ltr'><strong>tingam</strong></span> <span class='ocrx_word' id='word_1_67' title='bbox 270 1352 359 1412; x_wconf 88' lang='lat' dir='ltr'><strong>infra.</strong></span> <span class='ocrx_word' id='word_1_68' title='bbox 409 1353 480 1411; x_wconf 91' lang='lat' dir='ltr'><strong>Non</strong></span> <span class='ocrx_word' id='word_1_69' title='bbox 514 1351 612 1409; x_wconf 89' lang='lat' dir='ltr'><strong>minus</strong></span> <span class='ocrx_word' id='word_1_70' title='bbox 642 1358 725 1408; x_wconf 89' lang='lat' dir='ltr'><strong>certa</strong></span> <span class='ocrx_word' id='word_1_71' title='bbox 752 1352 897 1410; x_wconf 88' lang='lat' dir='ltr'><strong>memoria</strong></span> <span class='ocrx_word' id='word_1_72' title='bbox 926 1353 952 1410; x_wconf 89' lang='lat' dir='ltr'><strong>is</strong></span> <span class='ocrx_word' id='word_1_73' title='bbox 977 1350 1158 1429; x_wconf 86' lang='lat' dir='ltr'><strong>galliambns</strong></span> <span class='ocrx_word' id='word_1_74' title='bbox 1188 1361 1244 1425; x_wconf 85' lang='lat' dir='ltr'><strong>est,</strong></span> 
     </span>
     <span class='ocr_line' id='line_1_10' title="bbox 130 1457 707 1537; baseline -0.007 -20"><span class='ocrx_word' id='word_1_75' title='bbox 130 1479 219 1537; x_wconf 91' lang='lat' dir='ltr'><strong>quem</strong></span> <span class='ocrx_word' id='word_1_76' title='bbox 238 1457 411 1517; x_wconf 89' lang='lat' dir='ltr'><strong>Meinekius</strong></span> <span class='ocrx_word' id='word_1_77' title='bbox 433 1458 547 1534; x_wconf 88' lang='lat' dir='ltr'><strong>primus</strong></span> <span class='ocrx_word' id='word_1_78' title='bbox 569 1457 707 1533; x_wconf 86' lang='lat' dir='ltr'><strong>agnovit:</strong></span> 
     </span>
    </p>
   </div>
   <div class='ocr_carea' id='block_1_5' title="bbox 281 1612 983 1684">
    <p class='ocr_par' dir='ltr' id='par_1_5' title="bbox 281 1612 983 1684">
     <span class='ocr_line' id='line_1_11' title="bbox 281 1612 983 1684; baseline -0.003 -16"><span class='ocrx_word' id='word_1_79' title='bbox 281 1613 400 1684; x_wconf 79' lang='lat' dir='ltr'><strong>Spatale</strong></span> <span class='ocrx_word' id='word_1_80' title='bbox 422 1612 542 1668; x_wconf 81' lang='lat' dir='ltr'><strong>eviravit</strong></span> <span class='ocrx_word' id='word_1_81' title='bbox 565 1613 655 1667; x_wconf 82' lang='lat' dir='ltr'><strong>omnis</strong></span> <span class='ocrx_word' id='word_1_82' title='bbox 676 1612 847 1684; x_wconf 68' lang='lat' dir='ltr'><strong>ueneriooqa</strong></span> <span class='ocrx_word' id='word_1_83' title='bbox 867 1627 983 1682; x_wconf 81' lang='lat' dir='ltr'><strong>pueros.</strong></span> 
     </span>
    </p>
   </div>
   <div class='ocr_carea' id='block_1_6' title="bbox 128 1759 1249 4386">
    <p class='ocr_par' dir='ltr' id='par_1_6' title="bbox 128 1759 1249 4386">
     <span class='ocr_line' id='line_1_12' title="bbox 129 1759 1244 1841; baseline 0.002 -19"><span class='ocrx_word' id='word_1_84' title='bbox 129 1764 217 1822; x_wconf 87' lang='lat' dir='ltr'><strong>Haec</strong></span> <span class='ocrx_word' id='word_1_85' title='bbox 240 1772 323 1836; x_wconf 85' lang='lat' dir='ltr'><strong>sunt,</strong></span> <span class='ocrx_word' id='word_1_86' title='bbox 349 1781 428 1840; x_wconf 92' lang='lat' dir='ltr'><strong>quae</strong></span> <span class='ocrx_word' id='word_1_87' title='bbox 450 1761 620 1819; x_wconf 86' lang='lat' dir='ltr'><strong>certissima</strong></span> <span class='ocrx_word' id='word_1_88' title='bbox 643 1759 790 1819; x_wconf 81' lang='lat' dir='ltr'><strong>habeam:</strong></span> <span class='ocrx_word' id='word_1_89' title='bbox 823 1761 904 1820; x_wconf 83' lang='lat' dir='ltr'><strong>unde</strong></span> <span class='ocrx_word' id='word_1_90' title='bbox 926 1772 1054 1841; x_wconf 90' lang='lat' dir='ltr'><strong>apparet</strong></span> <span class='ocrx_word' id='word_1_91' title='bbox 1074 1765 1244 1825; x_wconf 89' lang='lat' dir='ltr'><strong>Varronem</strong></span> 
     </span>
     <span class='ocr_line' id='line_1_13' title="bbox 131 1867 1244 1950; baseline 0.003 -24"><span class='ocrx_word' id='word_1_92' title='bbox 131 1878 162 1926; x_wconf 90' lang='lat' dir='ltr'><strong>et</strong></span> <span class='ocrx_word' id='word_1_93' title='bbox 180 1867 361 1946; x_wconf 72' lang='lat' dir='ltr'><strong>observasse</strong></span> <span class='ocrx_word' id='word_1_94' title='bbox 385 1888 493 1927; x_wconf 88' lang='lat' dir='ltr'><strong>severe</strong></span> <span class='ocrx_word' id='word_1_95' title='bbox 516 1887 674 1926; x_wconf 82' lang='lat' dir='ltr'><strong>caesuram</strong></span> <span class='ocrx_word' id='word_1_96' title='bbox 694 1875 725 1924; x_wconf 90' lang='lat' dir='ltr'><strong>et</strong></span> <span class='ocrx_word' id='word_1_97' title='bbox 742 1867 774 1924; x_wconf 93' lang='lat' dir='ltr'><strong>in</strong></span> <span class='ocrx_word' id='word_1_98' title='bbox 793 1867 894 1947; x_wconf 87' lang='lat' dir='ltr'><strong>priore</strong></span> <span class='ocrx_word' id='word_1_99' title='bbox 912 1887 1019 1926; x_wconf 86' lang='lat' dir='ltr'><strong>versus</strong></span> <span class='ocrx_word' id='word_1_100' title='bbox 1038 1880 1141 1948; x_wconf 89' lang='lat' dir='ltr'><strong>parte,</strong></span> <span class='ocrx_word' id='word_1_101' title='bbox 1166 1891 1244 1950; x_wconf 91' lang='lat' dir='ltr'><strong>quae</strong></span> 
     </span>
     <span class='ocr_line' id='line_1_14' title="bbox 131 1973 1245 2054; baseline 0.002 -22"><span class='ocrx_word' id='word_1_102' title='bbox 131 1983 179 2032; x_wconf 87' lang='lat' dir='ltr'><strong>est</strong></span> <span class='ocrx_word' id='word_1_103' title='bbox 205 1982 276 2052; x_wconf 85' lang='lat' dir='ltr'><strong>ante</strong></span> <span class='ocrx_word' id='word_1_104' title='bbox 306 1992 480 2046; x_wconf 84' lang='lat' dir='ltr'><strong>caesuram,</strong></span> <span class='ocrx_word' id='word_1_105' title='bbox 510 1995 570 2032; x_wconf 92' lang='lat' dir='ltr'><strong>una</strong></span> <span class='ocrx_word' id='word_1_106' title='bbox 592 1973 690 2032; x_wconf 91' lang='lat' dir='ltr'><strong>forma</strong></span> <span class='ocrx_word' id='word_1_107' title='bbox 714 1992 803 2031; x_wconf 92' lang='lat' dir='ltr'><strong>usum</strong></span> <span class='ocrx_word' id='word_1_108' title='bbox 829 1992 898 2032; x_wconf 89' lang='lat' dir='ltr'><strong>esse</strong></span> <span class='ocrx_word' id='word_1_109' title='bbox 922 1993 974 2047; x_wconf 86' lang='lat' dir='ltr'><strong>ea,</strong></span> <span class='ocrx_word' id='word_1_110' title='bbox 1010 1995 1070 2054; x_wconf 89' lang='lat' dir='ltr'><strong>qua</strong></span> <span class='ocrx_word' id='word_1_111' title='bbox 1096 1996 1245 2054; x_wconf 89' lang='lat' dir='ltr'><strong>paeonem</strong></span> 
     </span>
     <span class='ocr_line' id='line_1_15' title="bbox 130 2079 1245 2161; baseline 0.004 -25"><span class='ocrx_word' id='word_1_112' title='bbox 130 2080 253 2137; x_wconf 91' lang='lat' dir='ltr'><strong>tertium</strong></span> <span class='ocrx_word' id='word_1_113' title='bbox 289 2080 422 2157; x_wconf 85' lang='lat' dir='ltr'><strong>excipiat</strong></span> <span class='ocrx_word' id='word_1_114' title='bbox 456 2079 669 2138; x_wconf 88' lang='lat' dir='ltr'><strong>anaclomenos</strong></span> <span class='ocrx_word' id='word_1_115' title='bbox 698 2114 716 2131; x_wconf 61' lang='grc' dir='ltr'><strong><em>υ</em></strong></span> <span class='ocrx_word' id='word_1_116' title='bbox 734 2113 752 2158; x_wconf 55' lang='lat' dir='ltr'><em>J</em></span> <span class='ocrx_word' id='word_1_117' title='bbox 770 2086 793 2128; x_wconf 79' lang='lat'><strong>.&#39;</strong></span> <span class='ocrx_word' id='word_1_118' title='bbox 810 2115 827 2132; x_wconf 58' lang='lat' dir='ltr'><strong>c</strong></span> <span class='ocrx_word' id='word_1_119' title='bbox 844 2121 868 2130; x_wconf 81' lang='grc'>-</span> <span class='ocrx_word' id='word_1_120' title='bbox 885 2116 902 2132; x_wconf 55' lang='lat' dir='ltr'><strong>c</strong></span> <span class='ocrx_word' id='word_1_121' title='bbox 919 2121 941 2132; x_wconf 89' lang='lat'><em>-</em></span> <span class='ocrx_word' id='word_1_122' title='bbox 964 2123 993 2150; x_wconf 69' lang='lat'><strong>-,</strong></span> <span class='ocrx_word' id='word_1_123' title='bbox 1040 2082 1148 2142; x_wconf 84' lang='lat' dir='ltr'><strong>Altera</strong></span> <span class='ocrx_word' id='word_1_124' title='bbox 1174 2103 1245 2161; x_wconf 90' lang='lat' dir='ltr'><strong>pars</strong></span> 
     </span>
     <span class='ocr_line' id='line_1_16' title="bbox 129 2183 1245 2267; baseline 0.001 -23"><span class='ocrx_word' id='word_1_125' title='bbox 129 2206 253 2258; x_wconf 84' lang='lat' dir='ltr'><strong>versus,</strong></span> <span class='ocrx_word' id='word_1_126' title='bbox 284 2205 362 2264; x_wconf 89' lang='lat' dir='ltr'><strong>quae</strong></span> <span class='ocrx_word' id='word_1_127' title='bbox 385 2194 432 2244; x_wconf 88' lang='lat' dir='ltr'><strong>cst</strong></span> <span class='ocrx_word' id='word_1_128' title='bbox 455 2185 649 2257; x_wconf 90' lang='lat' dir='ltr'><strong>catalectica,</strong></span> <span class='ocrx_word' id='word_1_129' title='bbox 677 2183 828 2263; x_wconf 86' lang='lat' dir='ltr'>prioribus</span> <span class='ocrx_word' id='word_1_130' title='bbox 851 2186 968 2247; x_wconf 84' lang='lat' dir='ltr'><strong>duobus</strong></span> <span class='ocrx_word' id='word_1_131' title='bbox 992 2188 1140 2267; x_wconf 82' lang='lat' dir='ltr'><strong>exemplis</strong></span> <span class='ocrx_word' id='word_1_132' title='bbox 1161 2209 1245 2266; x_wconf 91' lang='lat' dir='ltr'><strong>pror·</strong></span> 
     </span>
     <span class='ocr_line' id='line_1_17' title="bbox 131 2292 1244 2372; baseline -0.001 -20"><span class='ocrx_word' id='word_1_133' title='bbox 131 2314 182 2352; x_wconf 86' lang='lat' dir='ltr'><strong>sus</strong></span> <span class='ocrx_word' id='word_1_134' title='bbox 211 2312 335 2371; x_wconf 84' lang='lat' dir='ltr'><strong>compar</strong></span> <span class='ocrx_word' id='word_1_135' title='bbox 361 2299 408 2350; x_wconf 89' lang='lat' dir='ltr'><strong>est</strong></span> <span class='ocrx_word' id='word_1_136' title='bbox 435 2292 493 2363; x_wconf 87' lang='lat' dir='ltr'><strong>ita,</strong></span> <span class='ocrx_word' id='word_1_137' title='bbox 527 2300 561 2349; x_wconf 95' lang='lat' dir='ltr'><strong>ut</strong></span> <span class='ocrx_word' id='word_1_138' title='bbox 585 2311 734 2371; x_wconf 89' lang='lat' dir='ltr'><strong>paeonem</strong></span> <span class='ocrx_word' id='word_1_139' title='bbox 762 2293 884 2351; x_wconf 87' lang='lat' dir='ltr'><strong>tertium</strong></span> <span class='ocrx_word' id='word_1_140' title='bbox 912 2293 1063 2354; x_wconf 88' lang='lat' dir='ltr'><strong>anaclasis</strong></span> <span class='ocrx_word' id='word_1_141' title='bbox 1090 2303 1244 2372; x_wconf 87' lang='lat' dir='ltr'><strong>sequatur,</strong></span> 
     </span>
     <span class='ocr_line' id='line_1_18' title="bbox 131 2394 1247 2480; baseline -0.005 -23"><span class='ocrx_word' id='word_1_142' title='bbox 131 2400 192 2457; x_wconf 83' lang='lat' dir='ltr'><strong>arsi</strong></span> <span class='ocrx_word' id='word_1_143' title='bbox 213 2400 245 2457; x_wconf 80' lang='lat' dir='ltr'><strong>in</strong></span> <span class='ocrx_word' id='word_1_144' title='bbox 269 2397 344 2456; x_wconf 79' lang='lat' dir='ltr'><strong>(luas</strong></span> <span class='ocrx_word' id='word_1_145' title='bbox 362 2398 472 2458; x_wconf 78' lang='lat' dir='ltr'><strong>breves</strong></span> <span class='ocrx_word' id='word_1_146' title='bbox 494 2399 611 2458; x_wconf 77' lang='lat' dir='ltr'><strong>soluta:</strong></span> <span class='ocrx_word' id='word_1_147' title='bbox 638 2434 656 2452; x_wconf 68' lang='grc' dir='ltr'><strong><em>υ</em></strong></span> <span class='ocrx_word' id='word_1_148' title='bbox 673 2434 691 2452; x_wconf 64' lang='grc' dir='ltr'><strong><em>υ</em></strong></span> <span class='ocrx_word' id='word_1_149' title='bbox 708 2405 732 2451; x_wconf 77' lang='grc'><strong>,’</strong></span> <span class='ocrx_word' id='word_1_150' title='bbox 747 2434 765 2450; x_wconf 62' lang='grc' dir='ltr'><strong><em>υ</em></strong></span> <span class='ocrx_word' id='word_1_151' title='bbox 782 2403 821 2452; x_wconf 62' lang='lat' dir='ltr'><strong>J..</strong></span> <span class='ocrx_word' id='word_1_152' title='bbox 837 2434 854 2450; x_wconf 62' lang='grc' dir='ltr'><strong><em>υ</em></strong></span> <span class='ocrx_word' id='word_1_153' title='bbox 866 2394 907 2463; x_wconf 64' lang='grc' dir='ltr'><strong>’-ς</strong></span> <span class='ocrx_word' id='word_1_154' title='bbox 933 2421 994 2479; x_wconf 76' lang='lat' dir='ltr'><strong>qua</strong></span> <span class='ocrx_word' id='word_1_155' title='bbox 1010 2400 1133 2480; x_wconf 82' lang='lat' dir='ltr'><strong>quidem</strong></span> <span class='ocrx_word' id='word_1_156' title='bbox 1148 2401 1247 2459; x_wconf 76' lang='lat' dir='ltr'><strong>forma</strong></span> 
     </span>
     <span class='ocr_line' id='line_1_19' title="bbox 129 2502 1245 2585; baseline 0.001 -21"><span class='ocrx_word' id='word_1_157' title='bbox 129 2507 244 2565; x_wconf 91' lang='lat' dir='ltr'><strong>nullam</strong></span> <span class='ocrx_word' id='word_1_158' title='bbox 264 2505 454 2585; x_wconf 86' lang='lat' dir='ltr'><strong>frequentius</strong></span> <span class='ocrx_word' id='word_1_159' title='bbox 472 2503 611 2564; x_wconf 76' lang='lat' dir='ltr'><strong>Catullus</strong></span> <span class='ocrx_word' id='word_1_160' title='bbox 634 2502 782 2566; x_wconf 78' lang='lat' dir='ltr'><strong>adllibuit.</strong></span> <span class='ocrx_word' id='word_1_161' title='bbox 826 2505 932 2564; x_wconf 86' lang='lat' dir='ltr'><strong>Tertio</strong></span> <span class='ocrx_word' id='word_1_162' title='bbox 953 2525 1045 2565; x_wconf 88' lang='lat' dir='ltr'><strong>versu</strong></span> <span class='ocrx_word' id='word_1_163' title='bbox 1064 2526 1131 2564; x_wconf 93' lang='lat' dir='ltr'><strong>cum</strong></span> <span class='ocrx_word' id='word_1_164' title='bbox 1147 2507 1245 2567; x_wconf 88' lang='lat' dir='ltr'><strong>Varro</strong></span> 
     </span>
     <span class='ocr_line' id='line_1_20' title="bbox 130 2610 1247 2690; baseline -0.004 -19"><span class='ocrx_word' id='word_1_165' title='bbox 130 2612 298 2672; x_wconf 86' lang='lat' dir='ltr'><strong>abstineret</strong></span> <span class='ocrx_word' id='word_1_166' title='bbox 320 2610 471 2683; x_wconf 86' lang='lat' dir='ltr'><strong>anaelasi‚</strong></span> <span class='ocrx_word' id='word_1_167' title='bbox 499 2611 590 2670; x_wconf 90' lang='lat' dir='ltr'><strong>solvit</strong></span> <span class='ocrx_word' id='word_1_168' title='bbox 622 2631 688 2671; x_wconf 92' lang='lat' dir='ltr'><strong>eam</strong></span> <span class='ocrx_word' id='word_1_169' title='bbox 717 2631 795 2690; x_wconf 90' lang='lat' dir='ltr'><strong>quae</strong></span> <span class='ocrx_word' id='word_1_170' title='bbox 816 2611 974 2689; x_wconf 88' lang='lat' dir='ltr'><strong>praecedit</strong></span> <span class='ocrx_word' id='word_1_171' title='bbox 1004 2613 1112 2672; x_wconf 90' lang='lat' dir='ltr'><strong>arsim:</strong></span> <span class='ocrx_word' id='word_1_172' title='bbox 1140 2648 1158 2668; x_wconf 51' lang='grc' dir='ltr'><strong><em>υ</em></strong></span> <span class='ocrx_word' id='word_1_173' title='bbox 1174 2651 1192 2667; x_wconf 78' lang='lat'><strong>..</strong></span> <span class='ocrx_word' id='word_1_174' title='bbox 1209 2619 1247 2668; x_wconf 55' lang='grc' dir='ltr'><strong>,ι</strong></span> 
     </span>
     <span class='ocr_line' id='line_1_21' title="bbox 130 2717 1247 2804; baseline 0.008 -32"><span class='ocrx_word' id='word_1_175' title='bbox 130 2755 147 2772; x_wconf 50' lang='lat' dir='ltr'><strong>c</strong></span> <span class='ocrx_word' id='word_1_176' title='bbox 164 2756 182 2772; x_wconf 50' lang='lat' dir='ltr'><strong>a</strong></span> <span class='ocrx_word' id='word_1_177' title='bbox 198 2758 217 2776; x_wconf 52' lang='grc' dir='ltr'><strong><em>υ</em></strong></span> <span class='ocrx_word' id='word_1_178' title='bbox 235 2759 265 2785; x_wconf 89' lang='grc'><strong>-,</strong></span> <span class='ocrx_word' id='word_1_179' title='bbox 315 2717 371 2776; x_wconf 83' lang='lat' dir='ltr'><strong>Oui</strong></span> <span class='ocrx_word' id='word_1_180' title='bbox 399 2717 498 2804; x_wconf 76' lang='lat' dir='ltr'><strong>simile</strong></span> <span class='ocrx_word' id='word_1_181' title='bbox 527 2717 583 2777; x_wconf 82' lang='lat' dir='ltr'><strong>sed</strong></span> <span class='ocrx_word' id='word_1_182' title='bbox 613 2739 674 2776; x_wconf 92' lang='lat' dir='ltr'><strong>non</strong></span> <span class='ocrx_word' id='word_1_183' title='bbox 704 2738 828 2796; x_wconf 87' lang='lat' dir='ltr'><strong>compar</strong></span> <span class='ocrx_word' id='word_1_184' title='bbox 855 2727 901 2777; x_wconf 90' lang='lat' dir='ltr'><strong>est</strong></span> <span class='ocrx_word' id='word_1_185' title='bbox 930 2719 1103 2799; x_wconf 85' lang='lat' dir='ltr'><strong>exemplum</strong></span> <span class='ocrx_word' id='word_1_186' title='bbox 1132 2719 1247 2781; x_wconf 78' lang='lat' dir='ltr'><strong>Catulli</strong></span> 
     </span>
     <span class='ocr_line' id='line_1_22' title="bbox 128 2824 1246 2898; baseline 0.001 -12"><span class='ocrx_word' id='word_1_187' title='bbox 128 2826 241 2886; x_wconf 84' lang='lat' dir='ltr'>LXIII</span> <span class='ocrx_word' id='word_1_188' title='bbox 266 2835 299 2889; x_wconf 88' lang='grc'><strong>91</strong></span> <span class='ocrx_word' id='word_1_189' title='bbox 330 2829 384 2882; x_wconf 84' lang='lat' dir='ltr'><strong>deo</strong></span> <span class='ocrx_word' id='word_1_190' title='bbox 413 2829 527 2882; x_wconf 82' lang='lat' dir='ltr'><strong>domino</strong></span> <span class='ocrx_word' id='word_1_191' title='bbox 558 2827 696 2898; x_wconf 79' lang='lat' dir='ltr'><strong>Dindymi</strong></span> <span class='ocrx_word' id='word_1_192' title='bbox 728 2845 746 2883; x_wconf 94' lang='lat' dir='ltr'><strong>a</strong></span> <span class='ocrx_word' id='word_1_193' title='bbox 774 2824 876 2883; x_wconf 72' lang='lat' dir='ltr'><strong>Nakio</strong></span> <span class='ocrx_word' id='word_1_194' title='bbox 911 2826 942 2883; x_wconf 94' lang='lat' dir='ltr'><strong>in</strong></span> <span class='ocrx_word' id='word_1_195' title='bbox 973 2824 1096 2884; x_wconf 87' lang='lat' dir='ltr'><strong>schedis</strong></span> <span class='ocrx_word' id='word_1_196' title='bbox 1133 2828 1246 2887; x_wconf 88' lang='lat' dir='ltr'><strong>criticis</strong></span> 
     </span>
     <span class='ocr_line' id='line_1_23' title="bbox 132 2928 1247 3012; baseline 0.001 -21"><span class='ocrx_word' id='word_1_197' title='bbox 132 2931 218 3010; x_wconf 82' lang='lat' dir='ltr'><strong>(vide</strong></span> <span class='ocrx_word' id='word_1_198' title='bbox 241 2929 455 3009; x_wconf 82' lang='lat' dir='ltr'><strong>opusculorum</strong></span> <span class='ocrx_word' id='word_1_199' title='bbox 476 2930 493 2988; x_wconf 96' lang='grc' dir='ltr'>Ι</span> <span class='ocrx_word' id='word_1_200' title='bbox 513 2951 542 3009; x_wconf 92' lang='lat' dir='ltr'><strong>p.</strong></span> <span class='ocrx_word' id='word_1_201' title='bbox 564 2928 612 3008; x_wconf 77' lang='lat'><strong>36)</strong></span> <span class='ocrx_word' id='word_1_202' title='bbox 635 2929 838 3005; x_wconf 86' lang='lat' dir='ltr'><strong>vindicatum,</strong></span> <span class='ocrx_word' id='word_1_203' title='bbox 869 2929 950 3010; x_wconf 88' lang='lat' dir='ltr'><strong>quod</strong></span> <span class='ocrx_word' id='word_1_204' title='bbox 973 2930 1102 2990; x_wconf 88' lang='lat' dir='ltr'><strong>eandem</strong></span> <span class='ocrx_word' id='word_1_205' title='bbox 1124 2932 1247 3012; x_wconf 88' lang='lat' dir='ltr'><strong>quidem</strong></span> 
     </span>
     <span class='ocr_line' id='line_1_24' title="bbox 131 3018 1247 3116; baseline -0.001 -20"><span class='ocrx_word' id='word_1_206' title='bbox 131 3038 312 3097; x_wconf 87' lang='lat' dir='ltr'><strong>solutionem</strong></span> <span class='ocrx_word' id='word_1_207' title='bbox 341 3036 417 3094; x_wconf 88' lang='lat' dir='ltr'><strong>arsis</strong></span> <span class='ocrx_word' id='word_1_208' title='bbox 448 3034 503 3094; x_wconf 87' lang='lat' dir='ltr'><strong>sed</strong></span> <span class='ocrx_word' id='word_1_209' title='bbox 522 3045 669 3115; x_wconf 88' lang='lat' dir='ltr'><strong>sequente</strong></span> <span class='ocrx_word' id='word_1_210' title='bbox 693 3037 829 3095; x_wconf 89' lang='lat' dir='ltr'><strong>anaclasi</strong></span> <span class='ocrx_word' id='word_1_211' title='bbox 850 3036 988 3116; x_wconf 89' lang='lat' dir='ltr'><strong>praebet.</strong></span> <span class='ocrx_word' id='word_1_212' title='bbox 1007 3037 1009 3041; x_wconf 74' lang='grc'><strong>’</strong></span> <span class='ocrx_word' id='word_1_213' title='bbox 1031 3018 1099 3096; x_wconf 86' lang='lat' dir='ltr'><strong>Nec</strong></span> <span class='ocrx_word' id='word_1_214' title='bbox 1121 3039 1185 3096; x_wconf 92' lang='lat' dir='ltr'><strong>scio</strong></span> <span class='ocrx_word' id='word_1_215' title='bbox 1205 3058 1247 3102; x_wconf 87' lang='lat' dir='ltr'><strong>an</strong></span> 
     </span>
     <span class='ocr_line' id='line_1_25' title="bbox 129 3141 1245 3222; baseline -0.002 -18"><span class='ocrx_word' id='word_1_216' title='bbox 129 3146 224 3204; x_wconf 88' lang='lat' dir='ltr'><strong>liceat</strong></span> <span class='ocrx_word' id='word_1_217' title='bbox 243 3143 315 3200; x_wconf 91' lang='lat' dir='ltr'><strong>huic</strong></span> <span class='ocrx_word' id='word_1_218' title='bbox 327 3142 516 3202; x_wconf 90' lang='lat' dir='ltr'><strong>Varroniano</strong></span> <span class='ocrx_word' id='word_1_219' title='bbox 539 3141 668 3202; x_wconf 88' lang='lat' dir='ltr'><strong>eandem</strong></span> <span class='ocrx_word' id='word_1_220' title='bbox 686 3162 765 3221; x_wconf 88' lang='lat' dir='ltr'><strong>quae</strong></span> <span class='ocrx_word' id='word_1_221' title='bbox 784 3142 988 3222; x_wconf 89' lang='lat' dir='ltr'><strong>superioribus</strong></span> <span class='ocrx_word' id='word_1_222' title='bbox 1007 3143 1135 3202; x_wconf 91' lang='lat' dir='ltr'><strong>formam</strong></span> <span class='ocrx_word' id='word_1_223' title='bbox 1149 3152 1245 3222; x_wconf 87' lang='lat' dir='ltr'><strong>trans-</strong></span> 
     </span>
     <span class='ocr_line' id='line_1_26' title="bbox 130 3232 1247 3331; baseline -0.003 -22"><span class='ocrx_word' id='word_1_224' title='bbox 130 3249 271 3331; x_wconf 87' lang='lat' dir='ltr'><strong>ponendo</strong></span> <span class='ocrx_word' id='word_1_225' title='bbox 292 3248 458 3324; x_wconf 90' lang='lat' dir='ltr'><strong>refingere:</strong></span> <span class='ocrx_word' id='word_1_226' title='bbox 477 3267 588 3322; x_wconf 82' lang='lat' dir='ltr'><strong>pueros</strong></span> <span class='ocrx_word' id='word_1_227' title='bbox 606 3255 787 3326; x_wconf 58' lang='lat' dir='ltr'><strong>venenosos.</strong></span> <span class='ocrx_word' id='word_1_228' title='bbox 831 3249 883 3308; x_wconf 89' lang='lat' dir='ltr'><strong>Ad</strong></span> <span class='ocrx_word' id='word_1_229' title='bbox 901 3249 980 3307; x_wconf 92' lang='lat' dir='ltr'><strong>hanc</strong></span> <span class='ocrx_word' id='word_1_230' title='bbox 1000 3250 1092 3324; x_wconf 89' lang='lat' dir='ltr'><strong>igitur</strong></span> <span class='ocrx_word' id='word_1_231' title='bbox 1112 3232 1247 3307; x_wconf 86' lang='lat' dir='ltr'><strong>normam</strong></span> 
     </span>
     <span class='ocr_line' id='line_1_27' title="bbox 132 3353 1247 3437; baseline -0.004 -21"><span class='ocrx_word' id='word_1_232' title='bbox 132 3357 339 3416; x_wconf 87' lang='lat' dir='ltr'><strong>examinemus</strong></span> <span class='ocrx_word' id='word_1_233' title='bbox 358 3354 419 3412; x_wconf 90' lang='lat' dir='ltr'><strong>iam</strong></span> <span class='ocrx_word' id='word_1_234' title='bbox 436 3353 513 3412; x_wconf 90' lang='lat' dir='ltr'><strong>illud</strong></span> <span class='ocrx_word' id='word_1_235' title='bbox 535 3355 751 3434; x_wconf 86' lang='lat' dir='ltr'><strong>fragmentum,</strong></span> <span class='ocrx_word' id='word_1_236' title='bbox 778 3356 860 3437; x_wconf 88' lang='lat' dir='ltr'><strong>quod</strong></span> <span class='ocrx_word' id='word_1_237' title='bbox 878 3357 965 3435; x_wconf 91' lang='lat' dir='ltr'><strong>quasi</strong></span> <span class='ocrx_word' id='word_1_238' title='bbox 981 3374 1037 3434; x_wconf 90' lang='lat' dir='ltr'><strong>per</strong></span> <span class='ocrx_word' id='word_1_239' title='bbox 1053 3363 1157 3433; x_wconf 87' lang='lat' dir='ltr'><strong>partes</strong></span> <span class='ocrx_word' id='word_1_240' title='bbox 1176 3374 1247 3412; x_wconf 87' lang='lat' dir='ltr'><strong>suas</strong></span> 
     </span>
     <span class='ocr_line' id='line_1_28' title="bbox 132 3439 1246 3542; baseline -0.004 -19"><span class='ocrx_word' id='word_1_241' title='bbox 132 3486 150 3523; x_wconf 92' lang='lat' dir='ltr'><strong>a</strong></span> <span class='ocrx_word' id='word_1_242' title='bbox 167 3464 267 3523; x_wconf 87' lang='lat' dir='ltr'><strong>Nonio</strong></span> <span class='ocrx_word' id='word_1_243' title='bbox 290 3459 434 3520; x_wconf 87' lang='lat' dir='ltr'><strong>traditum</strong></span> <span class='ocrx_word' id='word_1_244' title='bbox 454 3459 592 3538; x_wconf 80' lang='lat' dir='ltr'><strong>Scaliger</strong></span> <span class='ocrx_word' id='word_1_245' title='bbox 611 3463 726 3542; x_wconf 90' lang='lat' dir='ltr'><strong>primus</strong></span> <span class='ocrx_word' id='word_1_246' title='bbox 747 3464 779 3521; x_wconf 92' lang='lat' dir='ltr'><strong>in</strong></span> <span class='ocrx_word' id='word_1_247' title='bbox 800 3471 862 3521; x_wconf 90' lang='lat' dir='ltr'><strong>tres</strong></span> <span class='ocrx_word' id='word_1_248' title='bbox 885 3439 1043 3520; x_wconf 88' lang='lat' dir='ltr'><strong>continuos</strong></span> <span class='ocrx_word' id='word_1_249' title='bbox 1067 3458 1246 3536; x_wconf 87' lang='lat' dir='ltr'><strong>galliambos</strong></span> 
     </span>
     <span class='ocr_line' id='line_1_29' title="bbox 132 3557 1248 3645; baseline -0.004 -17"><span class='ocrx_word' id='word_1_250' title='bbox 132 3569 255 3645; x_wconf 80' lang='lat' dir='ltr'><strong>collegit</strong></span> <span class='ocrx_word' id='word_1_251' title='bbox 276 3568 308 3625; x_wconf 94' lang='lat' dir='ltr'><strong>in</strong></span> <span class='ocrx_word' id='word_1_252' title='bbox 323 3565 420 3624; x_wconf 84' lang='lat' dir='ltr'><strong>Oatal.</strong></span> <span class='ocrx_word' id='word_1_253' title='bbox 436 3587 467 3644; x_wconf 92' lang='lat' dir='ltr'><strong>p.</strong></span> <span class='ocrx_word' id='word_1_254' title='bbox 484 3575 550 3628; x_wconf 78' lang='lat'><strong>224:</strong></span> <span class='ocrx_word' id='word_1_255' title='bbox 575 3568 685 3628; x_wconf 83' lang='lat' dir='ltr'><strong>deinde</strong></span> <span class='ocrx_word' id='word_1_256' title='bbox 703 3557 853 3644; x_wconf 81' lang='lat' dir='ltr'><strong>Scaligeri</strong></span> <span class='ocrx_word' id='word_1_257' title='bbox 874 3585 935 3623; x_wconf 91' lang='lat' dir='ltr'><strong>non</strong></span> <span class='ocrx_word' id='word_1_258' title='bbox 952 3584 1067 3623; x_wconf 89' lang='lat' dir='ltr'><strong>memor</strong></span> <span class='ocrx_word' id='word_1_259' title='bbox 1088 3565 1120 3622; x_wconf 90' lang='lat' dir='ltr'><strong>in</strong></span> <span class='ocrx_word' id='word_1_260' title='bbox 1140 3564 1248 3623; x_wconf 83' lang='lat' dir='ltr'><strong>eodem</strong></span> 
     </span>
     <span class='ocr_line' id='line_1_30' title="bbox 132 3671 1247 3752; baseline -0.003 -19"><span class='ocrx_word' id='word_1_261' title='bbox 132 3676 302 3752; x_wconf 88' lang='lat' dir='ltr'><strong>fragmento</strong></span> <span class='ocrx_word' id='word_1_262' title='bbox 332 3680 362 3731; x_wconf 90' lang='lat' dir='ltr'><strong>et</strong></span> <span class='ocrx_word' id='word_1_263' title='bbox 393 3673 580 3732; x_wconf 86' lang='lat' dir='ltr'><strong>conectendo</strong></span> <span class='ocrx_word' id='word_1_264' title='bbox 610 3684 640 3734; x_wconf 92' lang='lat' dir='ltr'><strong>et</strong></span> <span class='ocrx_word' id='word_1_265' title='bbox 662 3676 725 3734; x_wconf 87' lang='lat' dir='ltr'><strong>suis</strong></span> <span class='ocrx_word' id='word_1_266' title='bbox 748 3673 879 3733; x_wconf 90' lang='lat' dir='ltr'><strong>numeris</strong></span> <span class='ocrx_word' id='word_1_267' title='bbox 902 3671 1090 3730; x_wconf 82' lang='lat' dir='ltr'><strong>restituendo</strong></span> <span class='ocrx_word' id='word_1_268' title='bbox 1114 3671 1152 3732; x_wconf 76' lang='lat' dir='ltr'><strong>G.</strong></span> <span class='ocrx_word' id='word_1_269' title='bbox 1168 3672 1247 3731; x_wconf 90' lang='lat' dir='ltr'><strong>Her·</strong></span> 
     </span>
     <span class='ocr_line' id='line_1_31' title="bbox 131 3777 1247 3860; baseline -0.002 -21"><span class='ocrx_word' id='word_1_270' title='bbox 131 3800 258 3840; x_wconf 87' lang='lat' dir='ltr'><strong>mannus</strong></span> <span class='ocrx_word' id='word_1_271' title='bbox 280 3777 449 3838; x_wconf 88' lang='lat' dir='ltr'><strong>elaboravit</strong></span> <span class='ocrx_word' id='word_1_272' title='bbox 472 3779 510 3838; x_wconf 85' lang='lat' dir='ltr'><strong>de</strong></span> <span class='ocrx_word' id='word_1_273' title='bbox 532 3782 635 3840; x_wconf 89' lang='lat' dir='ltr'><strong>metris</strong></span> <span class='ocrx_word' id='word_1_274' title='bbox 658 3803 688 3860; x_wconf 91' lang='lat' dir='ltr'><strong>p.</strong></span> <span class='ocrx_word' id='word_1_275' title='bbox 712 3791 764 3846; x_wconf 79' lang='lat'><strong>324</strong></span> <span class='ocrx_word' id='word_1_276' title='bbox 784 3800 829 3859; x_wconf 85' lang='lat' dir='ltr'><strong>sq.</strong></span> <span class='ocrx_word' id='word_1_277' title='bbox 855 3785 886 3838; x_wconf 89' lang='lat' dir='ltr'><strong>et</strong></span> <span class='ocrx_word' id='word_1_278' title='bbox 906 3785 1015 3858; x_wconf 91' lang='lat' dir='ltr'><strong>postea</strong></span> <span class='ocrx_word' id='word_1_279' title='bbox 1034 3778 1067 3837; x_wconf 93' lang='lat' dir='ltr'><strong>in</strong></span> <span class='ocrx_word' id='word_1_280' title='bbox 1089 3778 1247 3838; x_wconf 88' lang='lat' dir='ltr'><strong>elementis</strong></span> 
     </span>
     <span class='ocr_line' id='line_1_32' title="bbox 132 3874 1246 3967; baseline -0.004 -19"><span class='ocrx_word' id='word_1_281' title='bbox 132 3888 161 3948; x_wconf 86' lang='lat' dir='ltr'><strong>d.</strong></span> <span class='ocrx_word' id='word_1_282' title='bbox 178 3910 217 3949; x_wconf 92' lang='lat' dir='ltr'><strong>m.</strong></span> <span class='ocrx_word' id='word_1_283' title='bbox 233 3909 263 3966; x_wconf 94' lang='lat' dir='ltr'><strong>p.</strong></span> <span class='ocrx_word' id='word_1_284' title='bbox 280 3895 346 3948; x_wconf 82' lang='lat'><strong>506:</strong></span> <span class='ocrx_word' id='word_1_285' title='bbox 369 3874 402 3944; x_wconf 84' lang='lat' dir='ltr'><strong>ut</strong></span> <span class='ocrx_word' id='word_1_286' title='bbox 424 3894 585 3964; x_wconf 85' lang='lat' dir='ltr'><strong>appareat,</strong></span> <span class='ocrx_word' id='word_1_287' title='bbox 614 3907 672 3967; x_wconf 88' lang='lat' dir='ltr'><strong>quo</strong></span> <span class='ocrx_word' id='word_1_288' title='bbox 695 3890 760 3947; x_wconf 89' lang='lat' dir='ltr'><strong>iure</strong></span> <span class='ocrx_word' id='word_1_289' title='bbox 778 3886 929 3946; x_wconf 89' lang='lat' dir='ltr'><strong>Oehlerus</strong></span> <span class='ocrx_word' id='word_1_290' title='bbox 952 3883 992 3944; x_wconf 87' lang='lat' dir='ltr'><strong>ad</strong></span> <span class='ocrx_word' id='word_1_291' title='bbox 1014 3886 1072 3944; x_wconf 91' lang='lat' dir='ltr'><strong>hoc</strong></span> <span class='ocrx_word' id='word_1_292' title='bbox 1095 3886 1246 3963; x_wconf 86' lang='lat' dir='ltr'><strong>fragmen·</strong></span> 
     </span>
     <span class='ocr_line' id='line_1_33' title="bbox 132 3991 1247 4071; baseline -0.004 -18"><span class='ocrx_word' id='word_1_293' title='bbox 132 4003 195 4054; x_wconf 92' lang='lat' dir='ltr'><strong>tum</strong></span> <span class='ocrx_word' id='word_1_294' title='bbox 213 3993 425 4071; x_wconf 84' lang='lat' dir='ltr'><strong>adscripserit:</strong></span> <span class='ocrx_word' id='word_1_295' title='bbox 450 3991 501 4050; x_wconf 78' lang='lat' dir='ltr'><strong>‘ex</strong></span> <span class='ocrx_word' id='word_1_296' title='bbox 518 3992 565 4050; x_wconf 89' lang='lat' dir='ltr'><strong>his</strong></span> <span class='ocrx_word' id='word_1_297' title='bbox 581 3994 718 4054; x_wconf 87' lang='lat' dir='ltr'><strong>frustulis</strong></span> <span class='ocrx_word' id='word_1_298' title='bbox 734 3995 885 4070; x_wconf 87' lang='lat' dir='ltr'><strong>integrum</strong></span> <span class='ocrx_word' id='word_1_299' title='bbox 900 3992 1027 4051; x_wconf 86' lang='lat' dir='ltr'><strong>fecimus</strong></span> <span class='ocrx_word' id='word_1_300' title='bbox 1044 3992 1159 4064; x_wconf 84' lang='lat' dir='ltr'><strong>locum,</strong></span> <span class='ocrx_word' id='word_1_301' title='bbox 1178 4011 1247 4049; x_wconf 90' lang='lat' dir='ltr'><strong>ver·</strong></span> 
     </span>
     <span class='ocr_line' id='line_1_34' title="bbox 133 4097 1249 4177; baseline -0.003 -17"><span class='ocrx_word' id='word_1_302' title='bbox 133 4101 216 4160; x_wconf 88' lang='lat' dir='ltr'><strong>sibus</strong></span> <span class='ocrx_word' id='word_1_303' title='bbox 243 4097 443 4177; x_wconf 88' lang='lat' dir='ltr'><strong>galliambicis</strong></span> <span class='ocrx_word' id='word_1_304' title='bbox 471 4103 673 4176; x_wconf 70' lang='lat' dir='ltr'><strong>conceptum!</strong></span> <span class='ocrx_word' id='word_1_305' title='bbox 718 4097 830 4160; x_wconf 84' lang='lat' dir='ltr'><strong>Scribit</strong></span> <span class='ocrx_word' id='word_1_306' title='bbox 850 4106 951 4158; x_wconf 90' lang='lat' dir='ltr'><strong>autem</strong></span> <span class='ocrx_word' id='word_1_307' title='bbox 967 4097 1084 4155; x_wconf 90' lang='lat' dir='ltr'><strong>Nonius</strong></span> <span class='ocrx_word' id='word_1_308' title='bbox 1104 4117 1134 4175; x_wconf 93' lang='lat' dir='ltr'><strong>p.</strong></span> <span class='ocrx_word' id='word_1_309' title='bbox 1148 4101 1194 4168; x_wconf 69' lang='lat' dir='ltr'><strong>te,</strong></span> <span class='ocrx_word' id='word_1_310' title='bbox 1214 4105 1249 4157; x_wconf 79' lang='lat'><strong>20</strong></span> 
     </span>
     <span class='ocr_line' id='line_1_35' title="bbox 134 4203 1248 4281; baseline -0.008 -15"><span class='ocrx_word' id='word_1_311' title='bbox 134 4209 281 4266; x_wconf 70' lang='lat' dir='ltr'><strong>‘torsimus&#39;</strong></span> <span class='ocrx_word' id='word_1_312' title='bbox 299 4210 424 4280; x_wconf 75' lang='lat' dir='ltr'><strong>positum</strong></span> <span class='ocrx_word' id='word_1_313' title='bbox 449 4203 535 4281; x_wconf 87' lang='lat' dir='ltr'><strong>[pro]</strong></span> <span class='ocrx_word' id='word_1_314' title='bbox 559 4222 779 4263; x_wconf 68' lang='lat' dir='ltr'><strong>cenomannum</strong></span> <span class='ocrx_word' id='word_1_315' title='bbox 800 4210 890 4276; x_wconf 85' lang='lat' dir='ltr'><strong>modo,</strong></span> <span class='ocrx_word' id='word_1_316' title='bbox 914 4225 931 4261; x_wconf 84' lang='lat' dir='ltr'><strong>o</strong></span> <span class='ocrx_word' id='word_1_317' title='bbox 954 4213 1027 4261; x_wconf 84' lang='lat' dir='ltr'><strong>tono.</strong></span> <span class='ocrx_word' id='word_1_318' title='bbox 1073 4203 1167 4259; x_wconf 87' lang='lat' dir='ltr'><strong>Varro</strong></span> <span class='ocrx_word' id='word_1_319' title='bbox 1188 4204 1248 4258; x_wconf 85' lang='lat' dir='ltr'><strong>Eu·</strong></span> 
     </span>
     <span class='ocr_line' id='line_1_36' title="bbox 135 4305 1248 4386; baseline -0.004 -18"><span class='ocrx_word' id='word_1_320' title='bbox 135 4315 307 4370; x_wconf 81' lang='lat' dir='ltr'><strong>menidibus:</strong></span> <span class='ocrx_word' id='word_1_321' title='bbox 338 4315 404 4370; x_wconf 80' lang='lat' dir='ltr'><strong>tibi</strong></span> <span class='ocrx_word' id='word_1_322' title='bbox 432 4321 606 4386; x_wconf 79' lang='lat' dir='ltr'><strong>tympana</strong></span> <span class='ocrx_word' id='word_1_323' title='bbox 633 4331 699 4369; x_wconf 81' lang='lat' dir='ltr'><strong>non</strong></span> <span class='ocrx_word' id='word_1_324' title='bbox 726 4316 832 4370; x_wconf 80' lang='lat' dir='ltr'><strong>inani</strong></span> <span class='ocrx_word' id='word_1_325' title='bbox 863 4312 975 4383; x_wconf 82' lang='lat' dir='ltr'><strong>(inanis</strong></span> <span class='ocrx_word' id='word_1_326' title='bbox 1000 4305 1102 4383; x_wconf 80' lang='lat' dir='ltr'><strong>Leid.)</strong></span> <span class='ocrx_word' id='word_1_327' title='bbox 1126 4309 1248 4364; x_wconf 80' lang='lat' dir='ltr'><strong>sonitu</strong></span> 
     </span>
    </p>
   </div>
   <div class='ocr_carea' id='block_1_7' title="bbox 1002 4404 1047 4463">
    <p class='ocr_par' dir='ltr' id='par_1_7' title="bbox 1002 4404 1047 4463">
     <span class='ocr_line' id='line_1_37' title="bbox 1002 4404 1047 4463; baseline 0 -19"><span class='ocrx_word' id='word_1_328' title='bbox 1002 4404 1047 4463; x_wconf 75' lang='lat'><strong>2*</strong></span> 
     </span>
    </p>
   </div>
   <div class='ocr_carea' id='block_1_8' title="bbox 0 0 1391 4890">
    <p class='ocr_par' dir='ltr' id='par_1_8' title="bbox 0 0 1391 4890">
     <span class='ocr_line' id='line_1_38' title="bbox 0 0 1391 4890; baseline 0 0"><span class='ocrx_word' id='word_1_329' title='bbox 0 0 1391 4890; x_wconf 95' lang='lat' dir='ltr'><strong> </strong></span> 
     </span>
    </p>
   </div>
  </div>
 </body>
</html>
