2760 4890
464 1094 838 1169 EPIMETRUM.

98 1396 112 1411 κ
182 1369 258 1428 Cum
280 1370 340 1427 iam
360 1372 434 1429 satis
459 1370 510 1429 diu
534 1372 582 1443 sit,
609 1391 646 1428 ex
669 1389 729 1449 quo
748 1370 843 1428 maior
860 1389 932 1448 pars
951 1368 1039 1426 huius
1061 1387 1211 1429 commen·

94 1475 219 1533 tationis
250 1495 267 1532 e
296 1476 414 1534 scriniis
444 1478 518 1536 meis
542 1479 573 1535 in
596 1477 748 1534 officinam
770 1474 926 1534 Teubneri
948 1475 1107 1550 migravit,
1130 1476 1212 1536 haud

96 1581 222 1641 mirifice
244 1582 356 1640 accidit
377 1588 556 1662 praesertim
576 1585 607 1642 in
630 1603 724 1663 opera
743 1580 841 1661 qualis
864 1581 940 1639 haec
963 1587 1023 1654 est,
1053 1581 1134 1661 quod
1153 1601 1213 1640 non

96 1689 139 1746 ita
161 1697 263 1749 tenue
292 1688 364 1747 mihi
399 1689 674 1750 additamentorum
702 1688 894 1767 spicilegium
929 1685 1091 1749 succrevit.
1142 1686 1213 1745 Non

96 1794 164 1852 dico
193 1794 304 1852 menda
330 1795 448 1853 leviora
469 1799 580 1874 partim
601 1817 670 1855 mea
693 1796 803 1875 partim
825 1811 985 1872 operarum
1007 1791 1096 1869 culpa
1116 1792 1212 1866 illata,

96 1921 176 1979 (puae
201 1920 266 1959 cum
288 1921 345 1959 nee
367 1903 463 1961 multa
485 1906 545 1962 sint
569 1925 626 1963 nec
647 1913 788 1981 magnam
811 1897 927 1975 legenti
948 1897 1146 1956 offensionem
1169 1899 1212 1958 al·

94 2007 195 2065 latura
221 2005 398 2081 videantur,
427 2009 532 2069 taedet
557 2010 734 2087 singillatim
759 2025 936 2067 recensere:
967 2023 1024 2063 nec
1048 2005 1139 2063 anxia
1162 2023 1212 2062 cu·

94 2113 232 2172 riositate
255 2115 376 2190 generis
400 2116 624 2196 orthographici
647 2113 880 2175 inconstantiam
903 2110 1056 2191 quandam
1072 2111 1122 2168 rel
1140 2131 1212 2170 nae·
1250 2153 1255 2158 -

96 2240 151 2279 vos
172 2220 332 2279 nonnullos
354 2223 498 2280 orationis
521 2222 642 2295 notabo,
667 2224 719 2303 qui
740 2240 820 2281 nunc
839 2238 907 2276 cum
925 2216 1020 2275 nitide
1036 2236 1213 2295 expressum

95 2325 233 2384 libellum
260 2335 414 2405 tamquam
442 2328 572 2387 alienam
596 2349 720 2407 operam
746 2327 897 2406 perlustro
926 2324 977 2382 vel
999 2323 1095 2382 invito
1119 2343 1212 2402 appa·

96 2441 173 2492 rent.
218 2433 314 2490 Immo
344 2451 410 2490 cum
438 2433 485 2491 lris
514 2435 721 2513 coniectaneis
751 2434 860 2492 iustam
884 2431 991 2489 harum
1017 2430 1213 2510 reliquiarum

97 2538 262 2597 editionem
283 2540 502 2599 aerumnosam
528 2540 612 2600 illam
627 2549 671 2599 'et
698 2539 800 2599 multis
824 2537 920 2597 modis
942 2535 1119 2616 impeditam
1141 2537 1212 2595 viri-

95 2644 167 2704 liter
188 2664 372 2724 praeparare
389 2645 566 2720 studuerim,
590 2668 689 2707 meum
708 2667 775 2706 esse
795 2643 934 2716 arbitror,
958 2663 995 2702 ea
1013 2645 1211 2723 potissimum,

96 2750 205 2831 quibus
228 2750 279 2809 vel
304 2751 474 2811 emendatio
498 2754 548 2812 vel
570 2754 731 2833 explicatio
753 2753 990 2830 fragmentorum
1010 2750 1148 2808 adiuvari
1168 2751 1212 2809 vi·

96 2858 221 2931 deatur,
253 2877 333 2915 nunc
363 2878 430 2916 cum
452 2859 511 2918 iam
533 2862 564 2919 in
587 2860 686 2919 lucem
713 2860 834 2938 prodire
863 2857 986 2917 libellus
1016 2857 1128 2934 gestiat
1161 2877 1213 2916 ex-

76 2957 244 3044 promere.
292 2963 427 3040 Quorum
456 2975 572 3044 partem
594 2968 742 3045 potiorem
763 2985 935 3046 propensae
957 2962 1079 3022 Alfredi
1100 2963 1212 3022 Fleck-

95 3070 192 3129 eiseni
215 3089 288 3146 erga
309 3090 363 3128 me
378 3071 530 3131 voluntati
550 3071 657 3145 deboc,
681 3074 731 3152 qui
755 3078 831 3152 qua's
853 3070 926 3129 milri
948 3068 998 3128 vel
1022 3068 1212 3146 opinationes

94 3176 147 3235 vel
175 3176 377 3236 dubitationes
403 3177 587 3256 significavit
616 3170 702 3251 suas,
732 3198 836 3237 earum
862 3176 1022 3235 nonnullas
1045 3175 1131 3233 licuit
1152 3192 1212 3234 non

93 3282 285 3342 incommode
314 3283 375 3341 suis
400 3283 476 3342 loeis
504 3283 634 3342 orationi
656 3286 804 3344 inserere:
834 3285 954 3364 reliqua
975 3282 1101 3361 ascripsi
1122 3283 1211 3342 infra.

180 3413 335 3470 Taaaocnrs
358 3406 395 3465 fr.
423 3427 472 3466 uu.
497 3405 579 3488 quod
604 3428 633 3486 p.
655 3414 690 3470 73
717 3408 850 3466 numeris
874 3405 1014 3477 distinxi,
1044 3398 1212 3484 praemisso

93 3518 141 3571 ille
163 3514 339 3591 pronomine
364 3513 499 3593 suppleri
525 3515 632 3572 suasit:
663 3511 736 3589 [ille]
760 3515 816 3570 ndo
838 3517 919 3571 modo
941 3516 1043 3570 abactas
1066 3531 1092 3570 e.
1115 3530 1146 3589 q.
1170 3530 1211 3586 s.;
1248 3499 1251 3505 ’

66 3628 70 3634 ’
95 3619 180 3677 cuius
203 3618 341 3678 interitus
365 3619 506 3679 vocabuli
529 3640 546 3679 e
564 3619 666 3677 Nonio
688 3617 874 3697 explicatur,
895 3616 977 3696 apud
999 3636 1088 3696 quem
1109 3615 1212 3674 versui

93 3727 172 3784 hacc
202 3728 295 3783 Varro
320 3730 499 3800 Tanaquite
523 3725 767 3804 praemittuntur.

181 3857 337 3907 Eunaamun
357 3851 394 3909 fr.
415 3851 497 3909 XIX
517 3847 576 3927 (29)
600 3869 631 3926 p·
652 3856 702 3910 182
725 3847 829 3911 deleta
850 3866 928 3927 quae
948 3857 1022 3923 ante
1042 3865 1106 3906 ecce
1128 3846 1211 3922 lege-

93 3956 184 4015 batur
212 3967 239 4014 et
272 3956 422 4036 particula
453 3953 686 4033 sesquialterum
711 3955 916 4033 septenarium
944 3952 1130 4012 trochaicum
1159 3951 1211 4011 de·

95 4064 232 4142 scripsit:

246 4153 327 4250 bace
350 4195 385 4249 de
406 4190 551 4264 inproviso
574 4194 613 4248 ad
631 4208 682 4249 nos
704 4191 814 4248 acce'dit
835 4208 910 4261 cano
937 4189 1059 4258 Ve'ritos,

248 4290 361 4357 'Atticcs
380 4298 581 4371 philosdplrioe
601 4301 727 4355 alumno.
