2760 4890
142 317 200 379 116
571 325 828 375 comncrrnas.

140 484 244 544 diendi
262 486 415 544 notionem
438 484 563 558 habere,
584 505 642 544 nec
664 485 741 543 ratio
764 484 852 556 absit,
877 505 938 564 qua
956 483 1133 544 Carneades
1155 485 1262 564 perfo-

140 591 222 650 disse
243 593 325 650 viam
346 591 473 665 dicatur.
514 590 604 649 Hanc
625 591 704 648 enim
726 591 819 648 Nonii
840 590 1085 669 explicationem,
1109 590 1200 650 modo
1221 611 1263 648 ne

137 699 262 756 nimium
289 718 414 775 urgeas,
444 698 476 756 id
504 695 609 756 valere
637 703 779 774 apparet,
810 695 1002 756 Carneadem
1028 716 1089 755 non
1112 697 1264 763 stravisse

113 803 190 881 ¹vel
218 803 427 885 complanasse
458 805 555 875 viam,
583 800 639 859 sed
671 821 687 859 e
717 803 868 860 contrario
892 805 978 882 quasi
998 805 1114 863 emisse
1136 803 1264 863 humum

43 962 46 972 .
137 909 189 967 vel
220 912 368 969 evertisse
400 909 522 978 subula,
573 906 662 985 Quae
689 907 812 986 quidem
841 911 993 968 sententia
1020 930 1088 969 cum
1119 912 1262 989 apposite

138 1016 292 1092 ingenium
321 1014 490 1076 Carneadis
521 1013 649 1086 referat,
679 1014 730 1093 qui
753 1033 831 1093 quae
855 1014 922 1073 aliis
941 1017 1001 1083 ,rite
1022 1020 1192 1098 composita
1212 1038 1262 1076 es·

33 1139 35 1143 ’
138 1131 206 1182 sent
234 1143 271 1182 ea
297 1124 394 1182 acutis
419 1119 594 1201 disputandi
613 1118 748 1178 artificiis
771 1117 822 1179 vel
851 1121 975 1196 argutiis
998 1121 1116 1183 diluere
1131 1123 1260 1195 soleret,

73 1238 76 1243 ’
124 1238 201 1292 ‚tum
227 1239 298 1309 apte
325 1251 344 1288 a
375 1226 535 1288 Carneade
566 1233 652 1284 eruta
674 1234 704 1284 et
728 1246 836 1284 eversa
859 1227 910 1286 via
929 1236 1044 1289 stratae
1064 1250 1101 1290 ac
1123 1233 1261 1290 munitae

137 1336 269 1396 Zenonis
291 1335 460 1415 opponitur.
505 1333 648 1412 Denique
670 1331 910 1391 illisententiae
933 1333 1080 1394 adhaeret
1100 1336 1261 1395 commode

65 1513 72 1524 .
137 1443 210 1507 fr.7
240 1448 362 1502 alteram
388 1445 462 1499 aiam
491 1440 671 1513 deformasse
702 1442 880 1497 Carneadem
904 1444 1053 1500 virtutise
1077 1446 1161 1515 capis
1181 1447 1261 1500 acris
1341 1456 1342 1460 ’

137 1553 227 1606 aceti:
256 1548 340 1629 quod
366 1567 457 1627 qnam
478 1565 586 1626 parum
608 1563 681 1602 suae
705 1554 851 1620 congruat
871 1547 1020 1625 opinioni,
1049 1546 1155 1606 videat
1177 1549 1260 1606 Rae-

108 1634 227 1732 ''perus
256 1655 332 1732 ipse.
377 1650 507 1712 Videtur
531 1658 633 1738 autem
662 1647 720 1706 hoc
743 1649 932 1727 fragmento,
956 1653 1174 1732 interpellante
1198 1655 1259 1712 for·

135 1767 219 1817 tasse
245 1758 461 1840 interlocutore
496 1758 615 1836 aliquo,
642 1757 741 1834 repeti
767 1764 797 1814 et
825 1757 944 1836 planius
968 1758 1077 1819 eadem
1103 1761 1261 1819 sententia

137 1864 248 1943 efferri.
306 1863 399 1923 Cuius
433 1872 535 1922 tamen
565 1863 816 1941 perspicuitatem
849 1864 938 1927 nobis¹
973 1865 1068 1924 Nonii
1100 1865 1259 1923 festinatio

134 1970 258 2041 invidit,
278 1971 330 2049 qui
352 1990 418 2029 eam
441 1990 502 2027 non
522 1967 612 2026 modo
636 1969 695 2028 fine
720 1977 878 2041 curtatam,
902 1969 958 2030 sed
981 1971 1074 2029 etiam
1093 1971 1126 2027 in
1146 1969 1259 2028 mediis

52 2133 57 2146 ,
134 2076 236 2136 verbis
266 2076 403 2135 mutilam
433 2054 605 2152 adscripsit.
650 2075 730 2133 Nam
758 2096 815 2135 nec
837 2076 915 2135 haec
937 2094 953 2134 e
975 2081 1058 2150 capis
1081 2081 1161 2136 acris
1183 2081 1259 2136 aceti

135 2192 206 2264 apte
238 2203 305 2241 cum
333 2181 394 2241 illis
418 2186 492 2240 aiom
517 2182 696 2255 deformasse
724 2183 881 2259 coniungi,
907 2201 964 2240 nec
988 2186 1101 2240 virtutis
1124 2202 1257 2240 commo-

136 2288 202 2348 dius
230 2287 352 2347 videtur
381 2308 448 2346 cum
471 2292 516 2346 oin
542 2307 632 2366 quam
655 2306 722 2346 cum
742 2293 825 2362 copis
848 2292 923 2347 aceti
946 2289 1037 2346 coire.
1082 2287 1166 2346 Acre
1187 2307 1256 2346 ace·

134 2404 208 2469 tum,
231 2395 313 2477 quod
336 2395 488 2456 Carneadi
508 2393 658 2467 tribuitur,
682 2394 800 2475 pridem
818 2400 1013 2474 perspectum
1037 2401 1084 2451 est
1103 2384 1172 2451 eius
1188 2392 1256 2471 phi·

110 2502 255 2582 ,losophi
284 2502 442 2560 mirificam
464 2502 494 2559 in
520 2508 681 2578 utramque
703 2510 821 2580 partem
843 2498 1017 2578 disputandi
1040 2499 1139 2557 aciem
1161 2499 1256 2576 signi·
1331 2570 1334 2576 ι

133 2608 248 2666 ficara·
282 2606 330 2666 Cf.
349 2608 522 2687 Roeperum
544 2614 574 2664 et
593 2604 725 2665 Prcllori
747 2607 817 2665 hist.
838 2606 949 2685 philos.
971 2624 1102 2682 maenae
1127 2613 1158 2663 et
1179 2624 1255 2663 rom.

133 2737 164 2795 p.
187 2723 248 2776 442.
293 2714 506 2773 Differentiam
531 2732 623 2784 vero,
652 2733 713 2792 qua
733 2714 831 2773 Varro
854 2712 1019 2795 a'Zenone
1042 2711 1157 2770 distare
1181 2710 1255 2770 Car-

133 2819 265 2878 neadem
288 2818 378 2891 dicit,
400 2819 483 2891 licet,
506 2837 545 2876 ne
567 2817 686 2894 longius
711 2821 857 2898 expatier,
887 2841 904 2879 e
927 2815 1083 2880 Ciceronis
1100 2817 1254 2877 Academ.

133 2946 179 3004 pr.
208 2924 363 2983 illustrare
391 2924 424 2982 ΙΙ
450 2932 500 2995 42,
528 2933 592 2986 130:
626 2927 802 2996 Aristonem,
831 2931 881 3000 qni
907 2945 971 2983 carn
1001 2927 1123 2982 Zenonis
1148 2925 1257 2998 fuisset

133 3037 258 3104 auditor,
281 3049 314 3089 re
332 3033 467 3105 probarit
486 3048 520 3087 eo
539 3047 613 3104 qnae
635 3033 681 3087 ille
693 3035 802 3102 ,verbis
826 3037 899 3090 nihil
916 3052 978 3091 esse
997 3037 1101 3095 bonam
1119 3035 1178 3090 nisi
1198 3037 1257 3090 oir-

133 3149 229 3212 tutem,
253 3157 344 3213 neque
365 3141 470 3195 molam
488 3140 544 3195 nisi
564 3140 641 3210 qnod
660 3139 852 3229 virtutiesset
873 3143 1069 3198 eontrarium.-
1093 3145 1124 3196 et
1147 3136 1186 3196 de
1204 3158 1254 3197 eo-

43 3279 51 3295 «
133 3247 202 3307 dem
224 3250 347 3308 Zenone
369 3244 444 3308 ibid.
468 3252 534 3306 134:
557 3245 633 3299 Zeno
654 3245 683 3298 in
700 3262 759 3301 iana
775 3240 878 3304 oirlnte
890 3248 1015 3319 positam
1033 3249 1146 3303 beatam
1166 3250 1254 3304 vitam

93 3397 96 3404 .
129 3363 224 3429 putat.
267 3356 317 3414 De
340 3349 501 3412 Carneade
528 3357 630 3407 autem
655 3346 727 3406 ibid.
752 3359 817 3413 131:
846 3355 1045 3411 introducebat
1069 3357 1157 3412 etiam
1182 3355 1254 3412 Car-

131 3465 253 3533 neades,
280 3480 338 3520 non
358 3480 414 3535 qno
432 3461 587 3532 probaret,
611 3459 664 3513 sed
680 3465 711 3513 nt
734 3466 892 3528 opponeret
912 3459 1023 3530 Stoicis,
1045 3479 1187 3518 summum
1205 3464 1254 3519 bo-

131 3587 198 3625 nurn
211 3551 283 3625 'esse
303 3569 369 3642 frui
389 3570 424 3622 iis
446 3567 546 3633 retas,
571 3582 646 3636 qnos
659 3540 774 3637 primas
789 3573 896 3620 nntiira
914 3569 1130 3626 conciliavisset.
1160 3567 1252 3626 Haec

131 3673 210 3731 enim
241 3673 340 3751 ‘quae
370 3691 388 3729 a
413 3667 568 3728 veteribus
596 3669 784 3748 philosophis
803 3655 839 3725 vd·
860 3669 963 3746 πρῶτα
985 3661 1060 3732 κατὰ
1081 3663 1174 3748 φύσιν
1197 3695 1251 3752 ap·

130 3779 246 3859 pellata
274 3777 362 3837 sunt'
394 3775 555 3834 Madvicus
588 3776 629 3835 ad
651 3777 831 3836 Ciceronem
855 3776 893 3836 de
916 3777 1079 3843 finibus‘b.
1104 3788 1135 3839 et
1157 3801 1197 3840 m.
1217 3801 1249 3860 p.

129 3895 182 3948 828
204 3906 250 3967 sq.
274 3884 378 3943 docuit
399 3902 634 3964 nonnumquam,
657 3891 691 3940 ut
712 3903 730 3940 a
752 3885 890 3943 Varrone
911 3885 1098 3957 factumest,
1122 3905 1184 3944 non
1200 3905 1250 3944 sa·

128 3994 167 4051 tis
198 4001 340 4052 accurate
368 3991 449 4049 bona
479 3975 613 4068 corporis
642 3987 711 4046 dici.
757 3988 805 4048 Cf.
836 3987 992 4047 Ciceronis
1023 3989 1062 4048 de
1084 3989 1195 4049 finibus
1217 3990 1254 4050 b.·
1293 4005 1296 4011 '

72 4138 78 4147 ,
130 4107 160 4156 et
183 4099 278 4157 m.·II
303 4108 344 4159 11.
365 4107 407 4159 12.
452 4095 532 4157 Vide
552 4095 735 4174 Roeperum.
781 4095 843 4155 S'ed
866 4095 946 4154 hanc
969 4116 1089 4154 omnem
1110 4096 1247 4175 philoso-

128 4205 256 4282 phorum
276 4202 314 4261 de
331 4203 390 4261 fine
406 4203 456 4262 vel
473 4221 587 4261 summo
603 4199 683 4259 bono
697 4200 919 4260 dissensionem
937 4220 999 4278 qua
1015 4203 1132 4262 ratione
1147 4205 1248 4264 Varro

128 4309 290 4368 tradidisse
316 4309 472 4382 videatur,
504 4329 571 4367 cum
598 4329 636 4367 ex
664 4292 722 4367 liac
752 4316 855 4366 satura
886 4307 945 4366 duo
970 4316 1086 4367 tantum
1116 4309 1249 4368 frustula
