2760 4890
140 310 182 373 96
572 318 827 367 conmortuus.

139 479 283 552 inservit,
313 479 357 537 ita
375 477 415 535 ¹in
434 477 492 536 huc
515 485 620 536 satura
642 477 783 539 videatur
806 477 899 537 alicui
920 478 958 537 ob
982 479 1173 541 instituenda
1195 501 1261 541 ocr-

139 587 254 645 tamina
280 586 422 666 gymnica
448 584 525 643 fieri.
573 583 661 642 Haec
684 585 764 643 enirn
789 585 955 644 certamina
983 583 1074 644 video
1102 585 1139 644 fr.
1168 585 1262 649 sde-

138 693 261 770 signari,
283 690 363 772 quod
387 692 430 748 ita
451 690 590 779 numeris
607 687 783 749 distinctum
803 688 951 748 exhibeo:

719 829 790 883 cadit
810 826 944 883 columbus

289 934 401 991 latueris
421 934 549 990 membris
567 933 649 1003 levis,
670 934 772 997 nitidus
793 934 850 991 oleo
873 974 1004 994 .....

79 1076 81 1080 ’
136 1067 264 1128 Secreta
286 1077 388 1127 autern
409 1067 447 1126 ab
470 1066 531 1127 illis
553 1067 618 1142 fuit,
639 1075 673 1124 ut
692 1073 782 1146 puto,
805 1068 923 1127 mentio·
942 1068 1134 1142 venationis,
1167 1088 1259 1147 quam

139 1175 174 1232 fr.
198 1186 210 1235 l
236 1175 386 1233 continet:
802 1174 805 1179 ’

288 1295 439 1367 Lepdsculi
458 1292 575 1350 timdntis
595 1295 647 1351 hoc
668 1293 892 1367 quadrdnpulum

287 1399 371 1457 Dedit
388 1400 480 1456 Diana
498 1399 557 1456 re'le
574 1403 680 1470 neuile,
702 1389 824 1474 ἄρκυας,

294 1507 403 1562 Viscum
423 1506 549 1579 forculum
573 1508 727 1581 lineumque
748 1507 916 1580 cdmpedum.

136 1639 231 1700 Ouius
266 1638 430 1716 fragmenti
469 1642 633 1720 scripturas
677 1641 747 1700 nolo
788 1656 870 1700 nunc
913 1640 1058 1720 persequi
1089 1641 1256 1702 curiosius:

135 1747 166 1806 id
187 1754 304 1807 tantum
323 1767 448 1823 moncO,
470 1750 522 1807 hoc
539 1751 774 1822 qrmdronyulum
796 1745 877 1828 quod
900 1745 1040 1824 Scaliger
1058 1749 1209 1828 explicuit
1225 1751 1266 1827 in¹

136 1834 343 1913 coniectaneis
369 1873 415 1931 p..
430 1861 462 1916 67
491 1873 553 1932 sq„
580 1852 722 1930 coniungi
750 1852 863 1911 debere
888 1871 955 1911 cum
976 1854 1137 1931 proximis:
1174 1857 1258 1913 Dedit

134 1962 237 2017 Diana.
260 1959 309 2017 De
328 1959 414 2018 initio
438 1963 573 2034 lepusculi
591 1962 712 2016 timentes
732 1957 812 2031 (sive
834 1960 937 2018 verius
959 1969 1006 2018 est
1027 1961 1154 2040 timentis)
1178 1962 1256 2021 nihil

136 2066 248 2124 certius
267 2073 383 2139 statuo,
407 2086 465 2125 uec
484 2085 575 2145 quam
589 2063 757 2141 probabilis
773 2066 812 2124 sit
828 2066 940 2125 Kochii
959 2068 1094 2146 opinatio
1116 2070 1149 2128 in
1165 2089 1254 2128 exer·

136 2171 331 2231 citationibus
352 2194 382 2251 p.
405 2181 440 2235 28
461 2176 576 2229 timeatis
597 2168 700 2228 dicere
722 2191 855 2249 possum.
1013 2158 1018 2166 ’

219 2276 282 2338 Sed
298 2279 378 2337 inter
395 2279 472 2337 haec
492 2277 664 2355 fragmenta
686 2278 786 2335 omnia
810 2300 877 2338 cum
893 2281 981 2360 qnasi
999 2279 1134 2341 diluculo
1154 2303 1254 2342 nexus

133 2381 257 2461 quidam
280 2382 473 2463 dispiciatur,
494 2384 575 2442 aliae
594 2382 729 2443 eiusdem
758 2394 878 2446 saturae
907 2387 1055 2467 reliquiae
1078 2388 1109 2445 in
1128 2407 1253 2466 prorsus

134 2486 286 2548 diversam
313 2510 368 2548 nos
396 2490 615 2548 sententiarum
646 2493 947 2569 comprehensionem
982 2491 1148 2552 deducunt.
1204 2495 1253 2551 De

132 2594 265 2676 rhythmi
283 2596 363 2653 enim
385 2614 420 2652 ac
435 2594 584 2656 melodiae
599 2606 722 2671 natura,
747 2597 784 2657 de
801 2599 886 2677 poe'si
904 2599 1059 2679 variisque
1087 2598 1253 2676 generibus

132 2706 306 2780 poematum
332 2701 454 2779 plenius
478 2701 548 2760 olim
578 2703 763 2783 disputatum
790 2704 900 2777 fuisse,
933 2705 1104 2782 fragmenta
1134 2704 1255 2783 aliquot

132 2805 284 2881 indicant,
312 2828 389 2886 quae
420 2807 525 2885 paullo
553 2809 612 2868 alio
642 2817 734 2888 atque
763 2809 843 2887 apud
871 2809 1037 2870 Oehlerum
1076 2808 1184 2867 ordine
1208 2810 1252 2868 sic

133 2914 278 2993 dispono:

217 3060 249 3114 12
281 3053 352 3108 Paci
369 3055 396 3108 iu
418 3053 498 3109 huicce
520 3057 675 3114 noscuntur
692 3055 778 3124 pueri
797 3053 941 3126 rhythmus
958 3060 984 3109 el
1005 3056 1096 3110 melos.

218 3199 250 3248 lo
283 3189 386 3244 Poimu
415 3196 455 3245 est
478 3182 552 3258 λέξις
576 3182 742 3262 ἕνρυθμοςι
768 3190 798 3244 ui
821 3196 862 3245 est
881 3189 964 3245 acrba
988 3191 1075 3260 plura
1097 3191 1203 3246 modice
1223 3193 1251 3245 in

280 3296 420 3369 perandum
441 3297 562 3351 coniectu
582 3294 721 3366 formum:
743 3297 834 3367 itaque
856 3299 936 3352 etiam
958 3292 1088 3370 δίστιχον
1107 3288 1247 3372 ἐπιγραμ-

280 3392 386 3476 μάτιον
413 3407 509 3456 vocant
530 3404 643 3473 poimu.
683 3404 778 3472 podria
803 3412 843 3459 est
869 3411 1036 3476 perpetuam
1057 3410 1250 3473 arpunrentum

281 3524 319 3564 ex
344 3507 478 3579 rhythmis
502 3515 532 3562 ut
565 3506 634 3562 llius
664 3506 782 3562 Homeri
807 3517 832 3562 et
860 3510 971 3563 curtulis
997 3509 1090 3564 Ennii.
1144 3511 1252 3579 pot'tire

280 3621 320 3669 est
342 3628 392 3669 urs
414 3629 512 3667 sarram
534 3628 639 3668 rerum.

217 3757 248 3808 14
284 3749 315 3804 ln
339 3750 434 3820 quillus
459 3749 588 3820 partitus
613 3750 642 3802 in
664 3750 831 3819 orpronenlis
856 3747 989 3804 Caecilius
1011 3749 1101 3819 poscit
1118 3749 1250 3820 palmam,

280 3857 307 3910 r'n
332 3843 439 3927 ἤθεσιν
464 3854 620 3935 Terentius,
644 3857 673 3910 in
694 3853 865 3909 sermonibus
886 3854 1012 3908 Plautus.

128 3990 266 4067 Apparet
289 3989 369 4047 enim
387 3987 472 4046 illum
495 3988 599 4046 nescio
623 4008 728 4067 quern,
752 3986 803 4066 qui
827 3984 864 4043 de
888 3986 935 4043 his
953 3985 1043 4043 rebus
1069 3984 1248 4076 disputavit,

128 4117 147 4154 a
168 4097 307 4179 rhythmo
336 4103 366 4154 et
387 4091 465 4170 μέλει
495 4092 535 4151 ad
562 4099 671 4172 poema
699 4102 728 4152 et
755 4092 863 4171 poesin
891 4093 1078 4170 perrexisse,
1114 4091 1247 4171 denique

122 4197 206 4261 inter
234 4201 295 4260 alia
320 4201 424 4279 poesis
452 4219 566 4277 genera
592 4199 752 4259 scaenicae
779 4180 853 4257 artis
883 4199 1011 4264 virtutes
1032 4197 1245 4257 illustravisse.

127 4307 229 4387 Atque
250 4306 328 4365 haec
351 4304 473 4386 quidem
497 4325 576 4385 quae
598 4305 649 4364 frr.
675 4314 706 4367 15
727 4313 757 4400 et
779 4314 812 4368 14
829 4313 1008 4382 tanguntur,
1035 4322 1102 4361 oum
1125 4304 1156 4362 in
1178 4304 1244 4363 uni·
