2760 4890
188 336 227 396 24
616 341 872 389 corrueremus.

188 512 292 566 Prisca
314 507 435 564 horrida
457 507 542 561 silent
562 506 662 559 oracla
688 519 812 574 crepera
838 505 867 558 in
890 504 1060 569 nemoribus,
1083 499 1182 558 recisa
1199 503 1312 572 prisea

188 634 265 673 voce
289 612 477 690 expiscetur,
508 627 575 666 cum
594 607 753 685 pulchrum
775 606 872 679 dieat,
895 606 1030 664 concedo
1053 605 1091 664 de
1112 604 1309 664 hemistichio

187 718 372 797 posteriore,
395 716 477 794 prius

338 872 459 927 horrida
479 871 564 924 silent
584 870 684 924 oracla

84 1089 87 1095 ,
148 1002 152 1009 .
188 1043 226 1080 ne
255 1021 391 1098 legitime
420 1019 542 1099 quidem
568 1015 681 1086 nedum
712 1017 840 1097 pulchre
867 1026 1007 1096 paratum
1034 1028 1090 1076 est.
1135 1019 1203 1077 Neo
1226 1019 1308 1078 illud

186 1112 305 1205 placet,
329 1127 411 1205 quod
429 1131 531 1201 prisca
553 1145 628 1197 vox,
659 1145 738 1205 quae
759 1123 917 1201 galliambi
937 1124 989 1181 fini
1009 1125 1114 1204 nequit
1134 1145 1307 1183 aocommo-

187 1232 269 1304 dari,
297 1232 398 1290 recisa
423 1234 455 1290 in
481 1231 668 1311 superiorem
694 1249 817 1288 versum
839 1231 1001 1308 relegatur.
1044 1232 1087 1289 At
1108 1231 1182 1289 licet
1204 1233 1307 1310 possis

189 1334 260 1401 inde
280 1337 472 1397 tolerabilem
495 1336 691 1415 gelliambum
712 1338 771 1395 hoo
791 1337 880 1395 modo
906 1337 1052 1414 effingere

280 1469 283 1473 ’
338 1477 444 1532 Prisca
465 1477 586 1532 horrido
607 1477 691 1530 silent
714 1471 816 1550 [nunc]
841 1477 940 1531 oracla
961 1490 1084 1546 crepera

338 1582 375 1639 In
397 1584 568 1638 nemoribus

187 1723 290 1772 tamen
311 1715 387 1773 nihil
409 1714 551 1793 impedit,
576 1714 734 1825 ‹puominus
758 1716 819 1773 alia
840 1734 980 1773 mensura
1002 1712 1097 1771 verba
1119 1713 1170 1772 vel
1188 1715 1237 1772 itu
1261 1715 1306 1773 di-

187 1820 362 1880 metiomur:

887 1931 988 1999 prisea
1009 1929 1129 1984 horrida

339 2032 429 2090 Sile'm
454 2036 553 2090 oraclo
575 2033 699 2104 crepera
721 2035 750 2089 in
773 2035 935 2090 nemoribus
951 2076 981 2089 ..
1030 2038 1032 2042 '

270 2167 446 2226 Revertitur
464 2167 587 2226 taudem
606 2169 701 2225 oratio
725 2167 764 2225 ad
784 2166 859 2225 illud
880 2167 1097 2244 fragmentum,
1126 2169 1206 2228 unde
1225 2170 1306 2230 haee

186 2275 282 2332 omnis
311 2275 349 2334 de
376 2274 549 2353 galliembis
572 2273 735 2352 disputatio
760 2292 868 2330 exorsa
891 2283 952 2333 est:
984 2295 1002 2332 a
1023 2295 1082 2353 quo
1109 2295 1175 2333 oum
1191 2276 1307 2335 Kochii

185 2357 375 2454 gelliambos
389 2382 591 2460 reppulimus,
620 2378 855 2438 conflictandum
870 2400 950 2438 nuno
970 2399 1038 2437 oum
1052 2381 1106 2454 iis,
1132 2402 1207 2460 quos
1222 2381 1305 2441 Roe-

184 2504 275 2561 perus
300 2483 467 2563 (Philologi
487 2487 536 2545 IX
558 2508 588 2565 p.
610 2486 674 2564 263)
698 2487 815 2559 intulit,
836 2484 947 2544 'iambis

338 2619 410 2698 [An]
434 2624 490 2679 no'n
510 2625 605 2680 vidisti
625 2621 812 2680 simulacrum
834 2623 923 2680 leonis
945 2625 984 2679 ad

336 2727 419 2783 Idam
440 2727 488 2803 e[o'
511 2728 647 2804 locatum]
671 2732 746 2800 loce,
770 2733 818 2787 uhi
838 2732 981 2802 quondum
1004 2731 1095 2786 subito
1118 2745 1181 2785 eum

339 2834 407 2888 Cum
430 2834 647 2907 quddrupedem
666 2837 801 2894 vincerent
820 2838 908 2904 Galli,
933 2827 1078 2908 ty‘mpanis
1143 2815 1146 2821 ⁵

336 2941 413 2995 Adeo
432 2941 569 3012 fecerunt
590 2942 752 3010 monstrem,
776 2950 808 2998 ut
829 2941 991 2997 tractarent
1010 2934 1106 2997 manu.

185 3088 320 3165 Quorum
344 3091 528 3168 posteriores
558 3093 651 3152 facile
681 3095 792 3165 ieram,
821 3093 937 3170 priores
967 3090 1103 3171 quidem,
1132 3092 1163 3149 iu
1193 3091 1304 3170 quibus

183 3195 237 3252 ille
259 3197 373 3254 maiore
395 3197 516 3255 molitus
538 3207 598 3270 est,
621 3220 683 3257 non
702 3201 767 3258 sine
787 3199 955 3278 offensione
974 3198 1123 3274 leguntur.
1160 3198 1241 3256 Nam
1264 3219 1304 3258 ne

185 3301 257 3380 quid
280 3301 378 3360 diuam
398 3301 436 3360 de
462 3305 630 3381 praemissa
652 3304 877 3383 uespertinum,
908 3323 997 3382 quam
1016 3301 1131 3374 habeo,
1164 3322 1217 3360 cur
1240 3325 1304 3362 non

184 3429 202 3465 a
216 3409 353 3467 Varrone
372 3408 516 3485 scriptam
539 3410 710 3469 existimem
727 3408 781 3487 (of.
800 3409 890 3469 Oehl.
908 3406 955 3466 ed.
971 3428 1000 3485 p.
1019 3416 1066 3471 117
1086 3408 1123 3466 fr.
1142 3420 1176 3483 53
1202 3430 1232 3487 p.
1252 3419 1301 3473 131

183 3513 1301 3596 nnpmhmpmnmpmnmmpmmm

182 3622 282 3676 need
302 3617 425 3696 quidem
446 3621 477 3679 in
498 3622 557 3680 fine
580 3643 687 3682 versus
709 3621 841 3699 positum
863 3640 900 3678 ea
923 3619 997 3679 sede
1019 3619 1201 3682 admiserim.
1244 3625 1303 3685 Oui

182 3724 335 3800 geminum
363 3726 535 3804 exemplum
563 3737 649 3786 extra
677 3734 846 3806 systemata
868 3745 907 3783 ne
929 3724 1010 3803 opud
1032 3734 1154 3787 veteres
1178 3729 1303 3808 quidem

183 3833 340 3889 scaenicos
363 3832 496 3890 invenio.
536 3833 616 3892 Nam
640 3834 762 3909 gemina
782 3852 843 3889 non
863 3840 947 3903 sunt,
971 3851 1049 3910 quae
1068 3833 1099 3890 in
1116 3835 1301 3896 Bentleiano

183 3935 320 3993 Terentii
345 3938 484 4015 exemplo
508 3939 666 4015 leguntur:
691 3936 828 3995 Andriae
844 3946 895 4002 629
915 3938 973 4016 (IV
995 3950 1017 4012 l,
1041 3938 1069 4017 5)

332 4049 435 4131 idnert
456 4070 581 4132 oerum?
595 4077 678 4132 immo
699 4077 729 4130 id
744 4081 787 4131 est
802 4074 894 4147 prinus
913 4078 1056 4134 hominum
1072 4076 1249 4148 pessumum,
1272 4085 1305 4137 in

333 4179 508 4253 De'neyando

181 4311 322 4371 Eunuchi
341 4313 418 4392 prol.
437 4322 453 4377 7

93 4492 295 4600 Λ
