2760 4890
563 351 821 403 compereunt.
1207 345 1248 407 53

130 515 171 575 In
190 512 245 573 illo
269 507 458 592 φιλοθέωρον
480 516 584 587 ecquid
604 510 712 592 scripsi
725 531 781 591 pro
796 509 922 590 vulgato
936 518 1051 589 nequid,
1075 513 1157 596 quod
1174 534 1247 598 quo·

130 620 222 681 modo
251 618 459 681 intellexerint
485 618 668 699 interpretes
696 636 757 677 non
784 616 885 678 video.
937 617 998 697 Qui
1023 640 1062 680 ne
1091 621 1122 681 in
1148 626 1251 683 uiderit

70 736 75 743 '
129 712 271 808 quidem,
293 727 376 809 quod
397 726 528 787 traditur
551 720 792 804 (vide'Nonium
813 746 843 804 p.
866 733 927 798 259,
949 723 996 802 9),
1018 728 1180 810 quicquam
1202 731 1246 791 of·

129 834 280 895 tensionis
298 840 514 915 reppererunt:
545 833 629 895 cuius
650 832 719 891 loco
738 831 790 891 vel
812 832 910 890 uideas
927 831 979 890 vel
1000 835 1116 893 uisurus
1133 839 1173 893 cio
1196 854 1246 899 ex·

129 940 321 1021 pectaveris:
349 958 476 1019 quorum
497 948 600 1001 tamen
622 948 761 999 neutrum
782 936 901 997 traditis
926 936 1035 999 litteris
1054 940 1245 1003 commenda-

130 1055 189 1106 tur.
233 1046 349 1107 Lenius
378 1054 438 1120 est,
467 1046 547 1128 quod
566 1047 704 1126 reposui,
728 1044 945 1116 otterestat.
969 1065 996 1106 e.
1016 1046 1108 1107 liceat
1129 1048 1246 1110 videre.

129 1151 280 1211 Etenim
299 1159 464 1227 structura,
488 1153 562 1213 licet
582 1173 643 1214 non
664 1155 704 1212 sit
726 1152 870 1233 antiquae
902 1158 932 1212 et
956 1172 1120 1230 germanae
1145 1154 1246 1216 latini·

130 1258 213 1331 tatis,
236 1276 311 1317 usus
332 1264 434 1318 tamen
456 1267 503 1319 est
523 1260 621 1321 Varro
646 1268 676 1319 et
696 1258 810 1340 primus
830 1258 961 1338 quidem,
984 1268 1017 1318 ut
1032 1260 1246 1323 Lachmannus

129 1365 247 1424 monuit
268 1362 309 1424 ad
329 1365 465 1424 Lucretii
486 1365 516 1426 V
536 1375 589 1430 533
609 1365 703 1424 allato
727 1365 877 1445 exemplo,
902 1366 984 1447 quod
1003 1375 1050 1427 est
1071 1366 1152 1448 apud
1173 1367 1246 1429 Gel-

128 1470 203 1529 lium
225 1470 340 1531 XVIII
362 1482 411 1545 ln,
434 1482 451 1537 9
472 1476 547 1532 inter
570 1477 645 1532 dues
664 1476 741 1547 filius
763 1490 862 1547 repunt
883 1477 953 1557 quid
973 1483 1068 1546 mutet,
1092 1481 1167 1535 inter
1188 1479 1247 1535 An-

109 1580 256 1651 ·tiponem
277 1587 305 1635 et
329 1581 467 1652 Tulliam,
491 1589 534 1640 est
555 1583 792 1645 animaduertere.

214 1707 267 1766 Fr.
291 1716 325 1770 12
341 1704 440 1779 favet,
464 1708 496 1766 ni
517 1707 617 1784 fallor,
640 1710 786 1789 imprimis
809 1730 896 1770 meae
916 1709 1096 1791 opinationi,
1119 1708 1177 1768 hac
1198 1729 1246 1769 sa·

128 1821 199 1873 tura
220 1821 350 1875 naturae
372 1813 620 1894 contemplationi
640 1816 752 1896 opponi
768 1835 834 1875 eam
855 1818 1013 1890 rationem,
1036 1835 1115 1897 quae
1138 1816 1169 1875 in
1184 1836 1246 1875 mo·

130 1919 214 1980 ribus
237 1927 270 1980 et
291 1929 400 1980 natura
421 1919 576 1979 hominum
597 1928 747 1981 versetur.
886 1915 896 1936 ‘

213 2044 243 2103 Il
273 2044 382 2103 ceteris
414 2042 565 2124 reliquiis,
594 2064 720 2124 quanrm
747 2063 808 2102 non
840 2045 925 2122 potui
951 2063 1063 2102 nexum
1089 2043 1246 2121 indagare,

130 2150 167 2235 ir.
185 2159 214 2229 9¹
225 2150 289 2209 suis
307 2151 440 2209 numeris
461 2149 636 2210 Meinelrius
659 2151 809 2210 restituit:

373 2348 379 2361 .
420 2348 426 2360 .
471 2304 528 2361 nin
549 2305 663 2374 uidetis,
686 2305 762 2362 rinus
784 2312 815 2362 ut
836 2306 924 2361 Amor
937 2302 1083 2378 pdruulus
1159 2346 1160 2350 ,

278 2401 422 2486 'udrdifetu
443 2410 577 2485 ldmpude
597 2414 682 2468 arida
706 2411 774 2485 ἀραί
790 2415 913 2470 amantis
936 2411 1114 2470 aestuantis?

132 2564 291 2622 coniuncto
311 2582 379 2622 cum
402 2563 580 2623 catalectico
600 2570 776 2623 tetrametro
796 2565 983 2624 acatalecto:
1007 2585 1085 2647 quae
1107 2565 1247 2624 iunctura

131 2668 222 2729 habet
241 2688 298 2728 sua
315 2669 348 2727 in
361 2667 621 2728 his.Varronianis
640 2670 796 2748 exempla:
822 2672 861 2731 of.
879 2678 944 2728 Cras
965 2677 1049 2728 Curso
1071 2677 1151 2728 Hoors
1169 2678 1246 2730 Nion

132 2778 166 2836 fr.
188 2786 203 2839 l
229 2774 269 2835 ab
292 2774 400 2835 eodem
420 2775 577 2835 Meinelrio
599 2786 826 2855 recuperatum:

281 2911 391 2982 witus
411 2914 551 2970 instabilis
573 2911 685 2971 dnimus
705 2917 811 2972 urdene
827 2918 1000 2974 mutabiliter
1017 2916 1203 2976 duetlrubere
1218 2925 1248 2975 et

280 3018 345 3077 Ndn
367 3020 488 3088 babere,
509 3017 679 3092 fdstidiliter
700 3019 877 3080 inconstanti
891 3021 1020 3095 pe'ctorc.

132 3170 215 3243 Idem
238 3191 257 3231 e
277 3178 402 3231 nostrae
423 3179 545 3231 saturae
567 3171 604 3230 fr.
624 3182 656 3233 10
675 3173 800 3233 eosdem
814 3194 956 3234 numeros
970 3175 1152 3249 trochaicos,
1176 3174 1245 3235 abs·
1315 3250 1318 3254 Α

132 3278 216 3338 tersis
249 3278 378 3365 primum
402 3277 511 3339 naevis
533 3277 725 3359 quibusdam,
747 3300 918 3377 emersuros
940 3280 1111 3340 admonuit:
1143 3302 1242 3343 emen*

133 3384 283 3445 dationem
306 3377 410 3464 ¹ipsum
437 3393 560 3465 praeter
592 3406 705 3445 morem
732 3387 856 3468 reliquit
885 3387 963 3446 aliis.
1009 3386 1122 3446 Videat
1154 3391 1245 3466 igitur

132 3493 176 3552 vir-
192 3494 342 3565 eximius,
377 3490 523 3574 numquid
552 3493 617 3571 ipse
651 3493 905 3570 excogitaverim,
940 3513 993 3552 suo
1021 3492 1102 3573 quod
1126 3495 1244 3553 calculo

131 3598 245 3679 probet.
290 3600 372 3677 Ergo
400 3597 517 3658 Nonius
544 3598 622 3658 haec
649 3599 754 3658 scribit
782 3621 812 3679 p.
842 3605 908 3669 lto,
935 3607 966 3660 16
997 3601 1191 3660 ‘mulieruuit'
1214 3612 1245 3661 ut

76 3762 80 3766 .
131 3709 312 3783 effeminavit.
355 3706 450 3764 Varro
476 3706 582 3764 Gnotbi
602 3716 738 3765 seauton:
753 3700 811 3764 '‘Et
833 3723 890 3764 reu
909 3714 936 3764 et
957 3708 1083 3763 misellus
1103 3709 1151 3766 ille
1167 3728 1243 3783 pan-

128 3832 187 3887 per.
204 3820 285 3872 emat
311 3815 451 3886 habetque
482 3815 575 3886 ipnem
596 3815 674 3870 intuo
699 3831 812 3871 acrem:
841 3815 887 3870 bic
900 3797 1047 3887 sefebitum
1074 3818 1244 3886 restiterunt,
1267 3842 1270 3847 ·

133 3922 175 4003 lic
208 3924 250 3979 ud
275 3922 396 3999 nucadu
425 3922 634 3977 adulescentem
662 3922 823 3978 cubiculum
841 3922 965 3993 paedoris
986 3923 1099 3992 primus
1116 3923 1244 3995 polluit?

131 4025 165 4085 In
195 4026 244 4085 his
276 4026 407 4106 prImum
433 4025 567 4099 efebitum
599 4025 787 4085 correctione
814 4025 944 4103 indIget:
981 4047 1072 4106 quam
1094 4026 1243 4107 quomodo

131 4133 180 4193 olii
202 4130 389 4194 instituerint
410 4132 511 4191 mitto:
545 4132 698 4195 sententia
715 4132 804 4192 unico
830 4136 932 4208 ephebi
957 4135 1109 4192 notionem
1131 4132 1244 4212 requiri

131 4236 260 4317 Ioannes
280 4237 422 4299 caoctus
440 4237 518 4297 vidit
539 4236 570 4297 in
596 4237 728 4298 editione
748 4239 845 4303 Iunii:
875 4244 990 4298 medeeu
1008 4239 1078 4297 olim
1094 4237 1242 4296 editiones

134 4364 234 4409 omnes
256 4343 616 4407 etWolfenbuttelanus:
643 4344 724 4405 unde
746 4344 904 4425 ingeniose
929 4345 1067 4423 Scaliger
1089 4346 1245 4403 moecbudn
