2760 4890
191 327 231 389 60
620 336 875 385 enumeramus.

190 519 230 557 ne
258 499 284 558 is
309 515 418 557 versus
446 497 555 559 iniuria
583 516 638 576 pro
666 502 855 575 pentametro
877 495 1042 557 habeatur:
1071 495 1204 559 admisso
1227 496 1312 558 enim
1358 492 1362 500 ’

192 605 279 665 hiatu
299 604 374 666 licet
394 603 531 664 nancisci
552 604 777 663 hexametrum:

343 758 437 828 Quid?
459 760 545 834 quusi
564 777 621 816 non
642 765 726 815 curci
749 758 886 815 tantidem
908 759 1068 815 Aristotelis
1090 754 1180 835 [uis]?

191 911 234 971 At
253 912 311 971 hoe
332 918 400 970 utut
420 919 485 984 est,
509 911 547 971 de
568 910 682 970 Kochii
702 909 879 969 hexametro
902 910 992 970 etiarn
1011 909 1136 969 aliunde
1155 909 1312 970 suboritur
1363 924 1370 945 ‘

192 1018 350 1078 dubitatio.
395 1017 478 1096 Quid
506 1019 601 1090 enim,
638 1018 664 1076 si
691 1036 730 1075 ne
757 1024 827 1075 sunt
848 1016 971 1096 quidem
992 1016 1054 1090 illi,
1077 1038 1154 1098 quos
1175 1019 1310 1098 putavit,

192 1125 317 1206 dactyli,
337 1123 393 1184 sed
415 1123 595 1202 anapaesti?
639 1122 718 1182 Vide
742 1124 815 1182 mihi
837 1123 917 1182 hunc
936 1130 1161 1182 tetrametrum:

344 1278 376 1336 Si
393 1279 450 1336 000
473 1280 553 1335 malit
573 1281 617 1335 vir
638 1276 772 1334 viriatum
794 1279 916 1335 uxorem
934 1278 1040 1334 babere
1061 1277 1227 1336 Atalantam

111 1456 114 1462 -
190 1435 246 1496 pro
262 1433 325 1501 ,uno
349 1389 462 1492 duplici
483 1414 568 1473 hiatu
591 1411 776 1472 distinctum.
816 1411 952 1490 Quorum
974 1412 1112 1486 alterum,
1135 1415 1186 1492 qui
1209 1421 1258 1472 est
1278 1415 1311 1473 in

192 1540 329 1592 caesura,
354 1508 428 1578 licet
449 1521 579 1578 fortasse
601 1516 702 1577 Plauti
726 1519 873 1598 exemplis
894 1518 1067 1591 vindicare,
1091 1519 1142 1598 qui
1164 1517 1246 1596 quo'd
1269 1517 1310 1578 G.

192 1629 386 1687 Hermannus
409 1625 441 1684 in
461 1624 619 1683 elementis
636 1623 665 1684 d.
682 1646 722 1683 m.
738 1647 766 1705 p.
783 1633 834 1688 405
851 1623 1075 1699 animadvertit,
1098 1631 1311 1704 asynartetum

192 1753 261 1794 esse
282 1732 364 1791 hune
385 1749 508 1790 versum
522 1729 629 1788 voluit.
661 1728 711 1789 ef.
728 1731 833 1790 Militis
851 1730 975 1808 gloriosi
989 1753 1019 1790 v.
1041 1740 1107 1794 1055
1125 1729 1183 1809 (lv
1198 1739 1225 1804 n,
1242 1730 1309 1810 64):
1368 1800 1370 1807 .

275 1869 426 1944 Enprdme
445 1868 596 1959 beniynnm
615 1883 654 1925 ee
677 1873 703 1924 te
725 1868 879 1941 inpcnium‚
900 1867 1047 1942 urbicolae,
1069 1871 1178 1927 occisor
1196 1868 1309 1943 re'pnm.

192 2007 242 2068 Of.
260 2004 334 2066 ibid.
354 2012 433 2067 1058.
477 2000 540 2063 Sed
561 2010 631 2061 sunt
654 2004 748 2063 ceteri
769 2003 925 2076 Varronis,
950 2004 1199 2092 quiafferuntur,
1220 2003 1309 2064 Aris-

190 2112 327 2192 tophanii
347 2112 413 2170 fere
436 2108 669 2186 elegantissimi:
692 2108 779 2168 velut
801 2108 852 2182 hi,
878 2127 954 2188 quos
977 2107 1091 2168 ibidem
1111 2111 1309 2170 Hermannus

190 2239 219 2298 p.
239 2227 287 2280 411
311 2216 465 2290 laudavit,
487 2221 599 2272 Bruancr
622 2215 698 2278 108

279 2424 282 2429 ⁴
341 2352 420 2427 Ipsis
439 2356 501 2411 istis
520 2351 606 2410 dicite
628 2353 730 2410 lnbdne
752 2353 877 2410 etnicis
898 2356 1067 2411 contemnite
1089 2353 1153 2422 nini,

341 2460 505 2533 Anticipote
526 2465 612 2531 atque
634 2458 730 2514 addite
749 2461 858 2530 calcor,
877 2461 978 2518 stultis
996 2432 1165 2518 contemnite
1185 2461 1269 2519 dicti.

192 2605 223 2655 et
245 2615 321 2676 quos
339 2595 454 2675 primus
473 2590 647 2651 Meinekius
669 2593 845 2652 suscitavit:
870 2602 1064 2652 Auorrrrraun
1084 2595 1121 2654 fr.
1142 2605 1160 2658 9

342 2733 445 2789 Anima
467 2731 499 2787 tit
517 2731 656 2788 conclusa
675 2732 706 2787 in
728 2729 825 2789 ne'sicn
846 2733 1017 2806 quandoque
1039 2740 1081 2790 cst
1101 2740 1165 2790 arte
1185 2732 1276 2807 linita

325 2838 375 2894 'Si
393 2824 559 2910 pertuderit
581 2820 656 2896 odra
681 2838 789 2895 reddet.
1000 2825 1004 2834 ¹

190 2980 356 3030 Pnnuuuonrs
375 2972 412 3032 fr.
435 2982 484 3035 13:

341 3108 461 3167 Bemitis
483 3113 562 3168 acris
577 3111 695 3184 pectine
716 3114 910 3211 curos-contri
931 3118 1069 3185 castoque
1085 3091 1180 3184 podet.

191 3245 244 3322 (ef.
267 3244 482 3305 Lachmannus
504 3244 544 3305 ad
563 3245 697 3304 Lucretii
718 3245 768 3304 III
787 3245 861 3325 908)

188 3358 283 3409 Ρο1001
303 3358 402 3408 Pinum
423 3351 460 3410 fr.
484 3360 513 3411 1:

341 3490 424 3546 Lnnn
445 3487 601 3561 e'npectunt
621 3485 742 3545 Adricim
761 3504 791 3546 se
815 3491 901 3546 itiner
922 3491 1038 3563 lonpnm
1052 3507 1183 3549 sermone
1198 3490 1306 3550 lenire.

189 3629 366 3690 Sesomurrxrs
390 3623 427 3681 fr.
451 3632 501 3707 lb:

340 3760 441 3832 Ipsum
463 3760 577 3818 uiuidum
601 3761 664 3816 nino
686 3758 1269 3839 0011αυί0001010090000000001900.

189 3895 288 3974 Quem
321 3901 391 3974 post
413 3893 609 3977 'Meinekium
642 3891 749 3952 eodem
783 3914 909 3955 numero
939 3896 1101 3977 descripsit
1132 3900 1305 3979 Roeperus.

189 4003 251 4082 Qui
277 4022 353 4084 quos
377 4010 539 4082 praeterea
561 3999 599 4060 de
625 3999 732 4083 eadem
748 4009 852 4059 satura
867 4001 964 4060 voluit
979 4009 1082 4081 partes
1100 4023 1168 4063 esse
1184 4003 1305 4064 Aristo-

189 4095 383 4189 pdaniorum,
407 4128 462 4167 eos
481 4107 557 4168 nihil
576 4106 704 4186 impedit
726 4108 885 4187 quominus
908 4110 1043 4187 integros
1064 4108 1232 4170 habeamus
1249 4111 1303 4170 he-

188 4223 355 4275 xametros:
379 4221 412 4272 ut
433 4212 559 4272 adeam
580 4223 713 4274 saturam
736 4214 845 4274 dicam.
870 4213 995 4279 Addere
1016 4235 1140 4294 possum
1154 4216 1214 4277 illis
1230 4227 1303 4291 tres,

189 4321 242 4399 qui
263 4319 364 4379 adhue
386 4318 617 4392 delitescebant,
638 4328 847 4381 tetrametros:
