2760 4890
546 359 801 409 conmortuus.
1172 351 1226 411 101

111 520 285 600 pretatione
306 519 486 597 allegorica,
511 539 577 577 curn
600 518 740 577 Minerva
763 517 848 578 Ulixi
869 493 1176 592 adstante,'forsitan
1200 521 1230 579 in

113 626 220 706 aliqua
245 624 351 684 tabula
377 625 474 703 picta,
508 624 673 701 significari
699 624 762 682 aiat
793 622 923 682 hominis
949 622 1145 699 doctrinam',
1174 649 1232 688 nec

113 730 220 790 tabula
242 729 339 810 picta,
367 751 449 810 quae
478 729 580 788 aliena
606 737 653 789 est
679 729 719 788 ab
741 749 777 788 eo
810 727 890 807 quod
919 749 985 788 cum
1013 731 1067 790 illo
1097 734 1234 794 cohaesit

112 839 151 896 fr.
174 848 222 910 ll,
244 836 318 896 mibi
331 828 490 916 probatur,
513 856 570 896 nec
586 835 753 895 Varronem
772 852 809 892 ea
825 842 886 893 tem
903 834 941 894 do
961 855 1052 897 sensu
1072 860 1126 900 suo
1141 862 1233 920 quem

113 951 249 1021 excepta
282 943 320 1001 ab
356 944 416 1003 ulio
444 943 601 1002 rettulisse
629 937 819 1000 crediderim.
868 938 944 1000 (lum
978 941 1095 1004 decimo
1131 957 1233 1006 autem

112 1052 266 1129 coniunge
288 1050 324 1109 fr.
344 1059 391 1126 20,
416 1049 581 1131 quodcum
601 1047 694 1105 itaut
715 1064 806 1123 supra
826 1048 913 1126 posui
935 1057 966 1106 et
980 1050 1010 1107 in
1034 1046 1119 1108 libris
1138 1048 1233 1128 (Non.

112 1177 144 1234 p.
163 1164 231 1230 344,
249 1155 279 1235 8)
303 1154 484 1216 exhibeatur
507 1164 537 1214 et
558 1154 596 1213 ab
620 1150 787 1213 editoribus
814 1152 966 1230 vulgetur,
990 1156 1103 1234 primus
1134 1157 1234 1216 eiecta

113 1281 195 1342 quae
218 1269 288 1341 post
308 1265 369 1322 ideo
391 1263 504 1340 legitur
525 1258 687 1338 negatione
718 1258 885 1335 integritati
912 1263 1044 1321 restituit
1073 1262 1109 1321 L.
1138 1262 1233 1322 Scho-

112 1388 212 1447 penus
232 1367 264 1425 in
287 1367 448 1427 Niebubrii
472 1388 547 1426 mus.
575 1368 675 1429 Rhen.
702 1366 716 1423 Ι
739 1385 768 1442 p.
803 1376 867 1432 158:
909 1372 999 1427 ‘nam
1025 1369 1172 1452 Ulyssos,
1200 1377 1234 1428 ut
1264 1384 1268 1388 '

114 1476 248 1536 Varroni
274 1473 409 1548 videtur,
441 1473 511 1534 ideo
540 1472 655 1550 pileum
684 1470 791 1544 babet,
825 1474 898 1553 quia
927 1494 1010 1534 mera
1037 1474 1158 1534 indutus
1189 1487 1235 1534 est

114 1581 235 1653 tunica,
255 1600 317 1639 non
338 1580 447 1658 pallio,
469 1600 528 1659 quo
555 1584 654 1662 ipsum
676 1589 768 1660 caput
789 1578 962 1659 Diogenem
985 1580 1141 1640 obtexisse
1164 1601 1233 1641 con-

114 1689 195 1748 stat'
240 1685 423 1766 Ignorarunt
449 1705 515 1746 earn
543 1686 788 1746 emendationem
814 1693 939 1761 certam,
968 1687 995 1746 si
1026 1687 1099 1766 quid
1124 1687 1233 1760 iudico,

115 1815 183 1855 cum
205 1792 358 1856 Oehlcrus
382 1801 444 1852 tum
465 1813 562 1872 nuper
580 1793 751 1872 Roeperus,
785 1791 837 1870 qui
860 1792 975 1851 maiora
997 1792 1117 1852 molitus
1141 1793 1234 1852 verba

112 1901 226 1976 invita,
249 1908 284 1960 ut
303 1907 391 1978 puto,
413 1899 445 1983 in
466 1919 572 1958 versus
596 1896 714 1976 coe'git:

468 2081 475 2095 .
515 2081 522 2094 .
567 2076 575 2090 .
620 2076 627 2090 .
675 2077 681 2091 .
724 2036 872 2108 Βίορεηεηι
888 2035 988 2106 posteo

267 2142 387 2201 Pettium
405 2145 492 2201 sotum
515 2141 660 2212 babuisse,
683 2142 785 2197 babere
811 2139 919 2196 Uttrem
947 2141 1096 2199 tuniculdm
1117 2160 1233 2215 meram,

269 2248 390 2307 Pettium
412 2249 472 2305 ideo
493 2249 549 2304 adn
571 2250 683 2307 babere.

116 2353 183 2415 vel:
624 2356 773 2429 Diopanem
787 2361 884 2425 postea
902 2353 1021 2426 pallium

271 2444 386 2541 [Unum]
417 2462 503 2517 solum
530 2460 671 2522 babuisse,
701 2462 803 2517 babere
828 2460 937 2545 Ulz'crem
959 2459 1108 2518 tuniculam
1130 2478 1234 2518 meram

268 2567 387 2626 Pdllium
411 2585 438 2625 e.
460 2586 490 2644 (1.
514 2583 538 2623 s.

115 2706 150 2764 ln
164 2702 357 2784 quibuscum
370 2702 457 2760 metri
476 2699 591 2760 indicia
603 2709 720 2760 tantum
734 2721 793 2759 non
807 2702 908 2760 omnia
922 2703 1056 2780 Roeperi
1074 2704 1233 2763 correctio-

115 2810 156 2886 ni,
170 2829 232 2868 uon
249 2807 392 2867 librorum
409 2807 571 2865 memoriae
589 2805 766 2880 debeantur,
783 2816 846 2865 tum
861 2828 900 2866 ne
911 2808 1095 2868 sententiam
1111 2810 1235 2889 quidem

114 2918 221 2992 istam,
236 2915 294 2975 nisi
308 2917 368 2991 ideo
386 2914 589 2993 expunxeris,
610 2913 705 2991 probe
722 2913 891 2992 procedere
907 2915 1045 2974 arbitror.
1068 2917 1117 2976 De
1138 2916 1234 2995 pallio

115 3023 267 3102 Diogenis
294 3021 335 3080 cf.
362 3021 404 3093 is,
442 3039 531 3099 quem
559 3021 720 3097 Roeperus
747 3018 870 3092 laudat,
902 3021 1042 3079 Laertius
1077 3021 1234 3098 Diogenes

117 3130 162 3197 VI
183 3138 215 3204 6,
238 3138 279 3191 13.
302 3136 337 3188 22
359 3147 424 3184 cum
445 3125 488 3183 Is.
512 3123 685 3183 Caecuboni
702 3125 900 3204 Menagiique
926 3127 1156 3186 commentariis.
1182 3129 1233 3185 Pi·
1329 3178 1332 3182 .

116 3236 196 3296 lcum
220 3232 323 3294 Ulixis
346 3231 440 3308 (Non.
464 3230 482 3290 l.
507 3250 533 3288 c.
552 3236 664 3305 pilleum
682 3238 717 3289 ut
738 3251 767 3308 p.
791 3238 857 3303 220,
880 3231 925 3303 14)
946 3242 1069 3309 praeter
1084 3253 1136 3293 eos
1159 3254 1234 3313 quos

117 3341 298 3419 Schopenus
324 3345 356 3396 et
374 3338 534 3414 Roeperus
557 3337 739 3409 attulerunt,
766 3338 869 3414 tetigit
890 3336 925 3396 Ο.
945 3335 1069 3398 Iahnius
1090 3339 1235 3415 (Bericbte

116 3451 144 3505 d.
163 3447 257 3504 sr'r'clss.
281 3448 343 3505 Ges.
365 3447 392 3501 d.
421 3447 503 3502 Wisr.
528 3451 597 3506 1856
612 3461 646 3515 p·
671 3443 747 3519 287).
787 3445 931 3523 Denique
949 3441 1056 3502 eodem
1078 3462 1160 3500 nexu
1181 3443 1233 3500 ba·

116 3551 248 3611 bebatur
275 3549 313 3610 fr.
344 3560 392 3622 ll,
420 3570 479 3629 quo
506 3550 630 3611 Ulixem
660 3536 829 3607 ‘errbntem
859 3569 951 3608 saevo
977 3569 1032 3627 per
1056 3547 1115 3607 duo
1138 3549 1234 3607 lustra

117 3657 211 3726 mari'
246 3654 414 3732 significari
441 3655 634 3715 manifestum
663 3664 723 3714 est:
753 3656 785 3713 in
812 3676 872 3734 quo
895 3654 974 3733 quod
997 3659 1104 3714 domum
1118 3647 1234 3731 scribo,

116 3764 261 3842 Roepero
284 3760 425 3837 debetur,
445 3763 516 3822 libri
535 3762 614 3822 enim
635 3781 666 3839 p.
688 3771 758 3834 405,
790 3771 825 3824 20
846 3763 909 3820 levi
929 3781 1031 3821 errore
1053 3768 1117 3822 darn
1149 3765 1233 3823 exhi·

116 3869 204 3943 bent,
224 3870 255 3928 in
271 3866 454 3927 editionibus
471 3868 611 3947 vulgatur
626 3874 714 3929 domo.
740 3867 803 3928 Sed
820 3867 900 3927 idem
915 3889 991 3947 quos
1009 3868 1081 3929 inde
1097 3879 1235 3949 transpo-

116 3974 276 4036 sitionibus
292 3981 449 4034 assecutus
462 3983 508 4033 est
520 3976 666 4047 senarios,
678 3976 704 4052 ii
720 3995 828 4035 vereor
840 3983 874 4033 ut
884 3976 986 4034 multis
1001 3977 1143 4055 placituri
1160 3979 1234 4037 sint:

271 4153 481 4172 .....
519 4104 634 4169 travibus
656 4112 800 4170 derodecim
822 4115 930 4168 (tomum

270 4217 435 4290 Prose'rtum
455 4219 556 4276 solidos
577 4218 717 4276 erravisse
739 4219 828 4275 aanor
849 4220 952 4277 decem.

118 4370 231 4432 nempe
252 4359 286 4410 nt
308 4350 348 4410 sit
369 4350 554 4432 bisyllabum
576 4354 704 4422 nentur,
728 4355 867 4410 rtrcodccim
883 4353 1085 4432 trisyllabum.
1118 4350 1234 4428 Quodsi
