2760 4890
501 337 757 387 consecrarius.
1014 411 1018 418 ι
1129 324 1188 388 173

68 514 175 555 sanam
203 503 230 554 te
260 492 361 555 omnes
381 499 470 569 paeri
493 499 673 571 clamentque
696 499 822 570 puellae.
866 495 916 553 De
942 497 995 552 bile
1023 503 1090 553 atra
1117 493 1189 554 vide

70 601 201 663 Oehleri
228 601 472 662 adnotationem:
509 606 688 676 splendidam
717 607 797 661 bitem
835 621 894 681 quo
923 620 1014 659 sensu
1040 601 1071 659 in
1098 601 1190 660 simili

71 729 166 769 00000
189 709 334 768 Horatius
357 716 413 771 sat.
434 708 466 767 Π
482 719 508 781 3,
524 717 571 770 141
597 708 716 782 dixerit,
738 705 936 766 Heindorfius
953 706 1111 785 explicuit.
1141 706 1193 770 (tf.

18 820 22 829 “
69 825 234 896 praeterea
262 814 299 875 de
321 818 375 873 bite
398 820 463 873 acri
490 822 520 873 et
546 819 600 874 bile
617 821 708 874 vitrea
731 813 769 874 Ο.
791 814 917 873 Iahnius
938 813 978 871 ad
998 813 1137 872 Persium
1158 833 1190 892 p.

71 930 131 983 122.
156 929 217 985 145.
263 920 419 992 Ceterum,
442 940 482 979 ne
506 922 574 1000 quis
597 920 724 981 Oehleri
745 919 943 998 neglegentia
963 918 1102 993 fallatur,
1129 923 1190 993 opi·

69 1031 184 1100 aionem
212 1047 280 1087 esse
302 1030 508 1100 suspicionem,
548 1048 610 1086 non
642 1026 723 1106 quod
750 1027 804 1087 ille
831 1026 906 1085 dicit
930 1027 1042 1101 famam
1070 1023 1189 1084 Nonius

70 1133 194 1213 scripsit
221 1153 252 1211 p.
274 1141 340 1205 356,
365 1145 406 1195 15.
438 1137 611 1193 clamitantis
639 1133 735 1192 forma
761 1153 823 1192 non
852 1132 932 1210 fugit
959 1131 1189 1190 Lachmannum

70 1237 108 1297 ad
133 1239 271 1318 Lucretii
293 1239 310 1296 I
329 1248 380 1302 805
402 1261 433 1320 p.
454 1250 498 1303 56.

156 1344 224 1404 Iam
251 1365 320 1404 cum
347 1345 384 1405 fr.
415 1355 449 1410 28
474 1355 601 1420 propter
630 1350 782 1420 percrepis
813 1349 927 1404 vocibus
955 1349 1074 1403 volitans
1101 1359 1189 1400 aures

70 1453 148 1525 vulpi
169 1435 325 1528 designari
347 1449 458 1510 famam
473 1449 623 1512 Oehlerus
643 1460 727 1511 recte
744 1451 944 1528 admonuerit,
966 1471 1028 1508 000
1044 1448 1190 1507 absonum

71 1554 194 1615 videtur
213 1555 273 1614 hoc
294 1555 496 1634 fragmentum
517 1577 583 1616 curn
609 1555 661 1617 illo
684 1557 897 1637 aliquomodo
922 1565 1094 1617 conectere.
1129 1554 1189 1613 Illa

71 1660 168 1720 verba
188 1671 256 1720 cum
276 1642 491 1724 Lacbmannus
515 1665 546 1722 in
566 1662 629 1722 ind.
651 1664 723 1724 1001.
746 1664 809 1722 hib.
833 1664 937 1723 Berol.
961 1672 1106 1727 ress—50
1125 1670 1190 1740 p.l

70 1767 101 1826 in
124 1766 253 1828 Sotadei
275 1767 401 1827 formam
425 1770 507 1830 coire
530 1769 682 1830 docuisset
704 1770 762 1828 hoc
784 1770 889 1829 modo:

223 1923 350 1995 Prdpter
367 1924 523 1997 percrepr's
544 1926 655 1982 aocibn'
681 1924 778 1982 vc'tttat
800 1928 898 1982 aureis
920 1927 1004 1999 001101,
1115 1931 1120 1943 ‘

73 2071 261 2134 contradixit
285 2075 446 2154 Roeperus
474 2075 630 2153 Philologi
656 2075 706 2134 IX
733 2096 765 2155 p.
793 2087 858 2152 569,
889 2075 944 2137 sed
968 2077 1012 2135 ita
1040 2083 1074 2134 01
1103 2095 1187 2134 suam

71 2179 145 2238 mihi
174 2181 357 2239 sententiam
383 2202 442 2241 non
468 2183 626 2262 probaret,
654 2202 716 2241 non
744 2176 824 2263 quod
853 2203 914 2242 non
936 2183 1047 2241 bonum
1068 2199 1189 2241 versum

72 2305 140 2345 esse
162 2284 365 2347 concederem

224 2425 351 2497 Prdptar
374 2429 493 2483 actitans
515 2429 613 2484 astreis
631 2429 708 2500 vulpi
724 2426 884 2499 percrepat
904 2428 948 2484 ln's
968 2427 1090 2494 vecibus,

71 2555 127 2618 sed
162 2557 236 2637 quia
268 2559 339 2618 nolo
368 2559 408 2618 ad
437 2563 585 2621 acriorem
614 2561 799 2621 medicinam
824 2561 964 2638 confugi,
998 2581 1065 2620 cum
1092 2560 1189 2619 lenior

72 2661 244 2745 eademque
272 2666 347 2725 satis
381 2665 493 2726 efficax
521 2669 551 2726 in
583 2677 722 2748 promptu
752 2668 798 2726 sit.
842 2667 934 2728 Certe
960 2666 1014 2726 ubi
1036 2666 1131 2725 semel
1153 2687 1190 2725 00

71 2772 198 2831 11000110
226 2772 320 2831 Nonii
346 2773 520 2832 memoriam
547 2781 727 2849 tractamus,
757 2794 811 2833 cur
833 2772 1069 2852 probabiliorem
1090 2770 1189 2830 dicam

70 2879 208 2966 Roeperi
235 2879 442 2958 septenarium
471 2879 530 2938 hoc
558 2879 735 2953 Koehiano,
768 2900 858 2960 quem
882 2880 936 2940 ille
962 2880 1129 2957 ignoravit,
1158 2881 1189 2938 in

72 2984 343 3046 exercitationibus
365 3005 394 3064 p.
415 2995 463 3049 19:

224 3123 351 3196 Prdpter
373 3126 494 3181 actitans
511 3124 632 3182 =nc'cr'bas
653 3126 731 3199 aalpr'
752 3125 840 3189 adres
854 3123 1009 3197 percrepr's
1031 3168 1038 3181 .
1063 3121 1098 3181 .?

72 3256 179 3336 Quare
201 3258 347 3317 curiosius
369 3259 475 3337 paullo
499 3257 762 3333 considerandum,
785 3277 824 3316 an
846 3278 906 3317 non
929 3259 1021 3317 etiam
1042 3259 1215 3318 severiori,

72 3363 187 3424 iudicio
217 3363 351 3424 sufficiat
376 3363 566 3423 Lachmanni
589 3365 759 3438 inventum,
789 3365 841 3444 qui
863 3368 959 3422 volitat
981 3365 1114 3441 reposito
1134 3385 1189 3443 pro

70 3473 195 3529 volitans
217 3489 303 3529 soum
323 3471 479 3530 constituit
499 3469 694 3529 versiculum.
725 3470 823 3550 Atqui
833 3487 996 3544 percrepae
1014 3489 1096 3529 acces
1112 3491 1189 3550 quas

71 3576 177 3637 intulit
197 3584 268 3636 sunt
288 3576 516 3658 illae'quidem,
539 3585 573 3635 ut
594 3562 676 3655 puto,
699 3595 779 3635 nove
803 3574 914 3650 dictae,
937 3574 992 3635 sed
1013 3577 1056 3635 110
1077 3585 1111 3635 01
1131 3599 1190 3638 000

72 3681 253 3743 desiderent
279 3683 452 3763 analogiam
480 3703 540 3743 000
567 3683 750 3743 abhorreant
775 3681 813 3740 ab
835 3681 960 3758 linguae
983 3690 1013 3740 et
1036 3683 1190 3761 scriptoris

70 3788 207 3866 ingenio.
250 3789 330 3849 Dico
356 3808 501 3864 personas
527 3787 713 3847 adiectivnm
742 3797 772 3847 et
794 3788 920 3867 passiva
947 3796 977 3846 01
1005 3807 1076 3846 vero
1099 3789 1190 3849 etiam

70 3894 176 3954 activa
198 3893 230 3953 vi
250 3904 438 3976 usurpatum.
470 3895 539 3967 Hac
554 3914 627 3954 vero
644 3895 741 3953 forma
755 3899 907 3969 percrepis
926 3898 1039 3954 vocibus
1056 3894 1189 3954 Nonium

70 4000 116 4059 110
138 3997 301 4080 deceptum
323 4020 407 4076 esse,
434 4009 468 4060 01
490 4001 634 4061 Varronis
653 4001 754 4060 locum
777 3999 926 4081 exemplis
950 4005 1102 4074 crepanti,
1122 4020 1191 4075 per·

69 4109 227 4188 crepanti,
253 4110 463 4182 concremasti,
492 4111 664 4181 increpandi
692 4107 890 4181 immisceret,
924 4126 984 4166 non
1012 4108 1116 4167 hercle
1144 4117 1191 4167 est

69 4209 230 4288 singulare
251 4211 284 4271 in
302 4211 362 4273 hoc
379 4214 575 4291 grammatico
596 4212 754 4272 socordiae
777 4212 946 4293 specimen:
976 4211 1016 4272 cf.
1039 4211 1090 4270 vel
1111 4231 1190 4291 quae

68 4314 112 4375 de
133 4319 230 4377 tibinis
250 4321 341 4378 modis
363 4316 428 4376 dixi
448 4338 478 4399 p.
499 4328 528 4380 21
553 4339 600 4399 sq.
633 4318 728 4378 Error
748 4327 849 4378 autem
871 4327 903 4378 ut
918 4319 953 4378 fit
970 4338 1087 4392 novum
1106 4337 1189 4375 crea·
