2760 4890
573 301 831 350 coxrncmrns.
1195 292 1257 355 213

141 463 189 522 his
219 482 352 539 agnosco
378 455 446 540 περί
474 461 650 540 μαρτυρίαςε
682 463 794 520 etenim
817 484 884 523 cum
911 481 940 537 φι
965 463 1117 545 syllabam
1139 465 1258 524 vicinus

142 570 241 629 exitus
269 592 333 628 urm
359 569 593 647 praepositionis
623 569 812 643 detrivisset,
845 573 1024 651 superstites
1046 571 1167 630 litterae
1198 592 1259 628 Arr-

43 722 49 733 .
142 697 230 732 rrrrxc
256 678 288 736 in
310 684 372 734 tam
390 675 543 753 frequenti
571 697 587 729 Λ
608 684 638 735 et
667 699 699 745 n,
728 698 741 731 r
768 686 798 736 et
822 702 836 735 r
864 680 1086 758 permutatione
1109 679 1175 737 fere
1197 698 1259 738 uon

100 797 104 801 '
140 787 284 863 poterant
305 802 366 840 non
388 781 419 838 in
442 803 585 856 uxrrrsuc
613 781 706 842 abire.
736 783 846 864 Neque
861 792 930 863 post
949 803 995 858 ea,
1014 803 1092 864 quae
1106 804 1136 862 p.
1154 791 1205 846 172
1220 783 1259 843 de

140 889 234 948 Nonii
261 889 352 948 etiam
380 889 412 946 in
439 890 694 948 manifestissimis
725 889 807 948 vitiis
836 891 1006 949 constantia
1032 891 1151 962 monui,
1184 889 1257 956 hae·
1339 969 1348 980 x

140 992 269 1054 rendum
288 995 319 1052 in
343 1014 378 1053 eo
402 994 483 1073 quod
505 992 668 1072 μαρτυρίας
685 993 731 1053 bis
753 995 792 1053 ab
813 994 1036 1075 exemplaribus
1053 997 1145 1057 Nonii
1170 997 1258 1056 offer·

139 1110 197 1158 tur.
248 1101 331 1176 Ergo
372 1099 409 1158 de
441 1101 623 1183 φιλαργυρίᾳ
648 1097 725 1159 xcum
758 1078 891 1195 mustei,
931 1104 962 1161 in
995 1102 1047 1163 illo
1088 1125 1259 1162 incrassato
1304 1161 1309 1169 ,

25 1240 39 1263 .
142 1206 349 1286 quaerendum
373 1207 439 1299 sive
462 1227 572 1266 nomen
594 1210 659 1268 sive
680 1207 890 1287 proverbium,
919 1208 999 1288 quod
1013 1218 1094 1288 ‘apte
1118 1211 1258 1288 coniungi

143 1333 210 1372 cum
234 1311 413 1394 φιλαργυρίᾳ
434 1316 541 1393 possit.
583 1314 621 1373 Id
643 1313 724 1393 quod
745 1333 824 1391 nego
847 1313 885 1373 de
908 1315 988 1373 Iunii
1011 1325 1179 1400 commento
1202 1308 1257 1393 ίῖμ-

143 1438 200 1495 μον
227 1421 357 1497 perpete,
387 1421 468 1500 quod
497 1420 647 1480 Oehlerus
676 1428 791 1479 tuetur:
822 1421 860 1480 de
883 1423 968 1480 cuius
987 1420 1142 1501 proverbii
1162 1437 1219 1484 usu
1242 1442 1260 1483 a

144 1522 324 1606 φιλαργυρία
344 1527 443 1586 alieno
465 1528 504 1586 cf.
523 1527 862 1607 paroemiographorum
885 1546 993 1606 corpus
1018 1528 1221 1605 Gottingense
1243 1528 1260 1587 I

144 1653 173 1711 p.
193 1640 226 1695 27
249 1633 285 1690 Π
305 1653 335 1711 p.
354 1640 379 1694 7.
424 1633 492 1692 Nec
511 1634 612 1692 ‘multo
634 1633 869 1714 probabiliorem
889 1653 957 1692 esse
979 1628 1083 1692 Rotl'rii
1106 1611 1258 1695 coniectu·

143 1760 209 1798 ram
231 1728 311 1816 ἆμυυ
330 1742 427 1814 μενεῖς
447 1739 562 1813 fateor,
593 1740 677 1798 cuius
693 1738 847 1818 proverbii
871 1747 1033 1817 praeterea
1051 1746 1161 1797 testem
1179 1737 1258 1798 desi-

146 1846 229 1906 dero.
273 1846 383 1905 Paullo
411 1846 518 1904 melius
545 1848 575 1905 in
603 1846 803 1924 φιλαργυρίαν
828 1846 978 1925 quadrare
1006 1844 1141 1905 Turnebi
1164 1843 1258 1924 (Adv.
1333 1891 1335 1895 -

145 1972 220 2012 xxrx
243 1951 272 2031 2)
292 1953 448 2010 inventum
468 1952 590 2011 videtur
611 1944 710 2023 ἄλλοις
730 1949 835 2029 μίλεις,
861 1974 1044 2034 quamquam
1065 1973 1104 2012 ne
1119 1953 1177 2011 hoc
1195 1954 1259 2033 qui·

146 2060 214 2119 dem
233 2078 293 2138 quo
312 2059 446 2116 firmetur
467 2061 670 2118 testimonium
693 2060 765 2118 mihi
784 2063 815 2119 iu
836 2070 977 2141 promptu
1000 2068 1056 2118 est.
1088 2059 1184 2142 Tituli
1203 2061 1259 2139 igi·

145 2174 281 2223 turcum
304 2164 436 2251 nondum
464 2168 578 2247 possim
599 2175 758 2247 utramque
779 2175 897 2246 partem
917 2168 1067 2243 integram
1088 2173 1258 2244 praestare,

143 2271 238 2329 liceat
270 2271 300 2327 in
336 2278 511 2330 transcursu
547 2273 611 2332 eius
648 2283 769 2334 saturae
800 2275 836 2333 fr.
868 2286 898 2347 l,
937 2273 984 2330 cui
1015 2274 1146 2331 maxime
1176 2271 1257 2332 Oeh-

146 2379 202 2436 leri
225 2377 365 2464 socordip
392 2377 507 2452 obfuit,
544 2381 732 2440 emendatius
763 2379 913 2454 scribere3
942 2358 1144 2456 fragmentum
1168 2379 1257 2451 enim,

147 2484 227 2564 quod
253 2484 307 2543 ille
333 2485 365 2541 in
390 2484 470 2544 hune
498 2487 620 2545 modum
644 2489 809 2566 expressit:
842 2487 900 2543 Nos
921 2487 1054 2555 barbari,
1083 2491 1159 2558 quod
1177 2490 1258 2545 inno-

145 2600 241 2649 eentes
268 2594 298 2648 in
324 2567 459 2663 γάίιαίυυι
482 2593 662 2667 suffiqimus:
691 2613 739 2653 vos
761 2613 817 2652 non
839 2593 971 2676 barbari,
1001 2593 1052 2663 qui
1070 2595 1173 2655 noxios
1193 2611 1259 2652 con·

146 2702 268 2757 rueras?
298 2699 340 2755 ita
367 2695 489 2754 tradunt
517 2697 587 2757 libri
613 2700 707 2758 Nonii
733 2722 763 2779 p.
793 2707 858 2769 117,
891 2705 935 2758 13:
969 2714 1021 2753 nos
1047 2700 1167 2756 tartari
1190 2745 1195 2756 .
1221 2745 1226 2756 .
1254 2746 1258 2755 .

145 2807 310 2884 susfiqimus
341 2806 482 2867 bominem
516 2823 564 2862 vos
591 2825 648 2864 non
678 2809 702 2863 b.
732 2810 801 2879 quid
827 2810 930 2864 noxios
957 2808 1098 2862 υίιιιααίιέ.ρ
1134 2807 1262 2862 homines

147 2911 247 2970 omisit
277 2909 403 2970 Oehleri
433 2909 566 2983 incuria,
596 2913 647 2992 qui
674 2920 836 2990 praeterea
855 2932 923 2970 cum
941 2912 975 2987 in
996 2911 1192 2973 adnotatione
1214 2920 1260 2970 ter

146 3036 203 3076 ιιαιι
239 3016 344 3104 scribit
370 3036 424 3094 pro
448 3020 564 3089 noxios,
594 3018 790 3094 neglegentia
813 3018 894 3076 fallit
914 3018 1054 3076 lectores.
1104 3019 1164 3077 Pro
1193 3021 1263 3092 quid

147 3120 320 3199 ambiguum
349 3130 395 3181 est
422 3129 521 3179 utrum
552 3143 619 3181 curn
642 3123 730 3180 Iunio
751 3128 828 3196 quod
848 3144 887 3182 an
910 3144 977 3182 cum
998 3123 1109 3182 Rothio
1132 3143 1260 3202 repona-

146 3235 194 3285 tur
212 3232 270 3302 qui.
303 3231 425 3313 obtcestis
447 3248 514 3288 cum
534 3229 685 3290 Oehlerus
709 3231 875 3306 corrigeret
896 3232 927 3288 in
950 3234 1116 3310 υυιιυιρυείίε,
1140 3237 1260 3288 senten-

29 3389 39 3399 ,
147 3334 220 3392 tiam
247 3336 392 3411 corrupit:
428 3356 517 3415 quam
540 3337 697 3411 Mercerus
720 3336 863 3410 tetigerat
885 3339 1006 3394 solvistis
1025 3335 1174 3412 reposito,
1202 3326 1283 3392 nisi'

142 3440 228 3524 quod
257 3441 361 3518 paullo
392 3444 566 3503 concinnius
595 3444 701 3501 solvitis
729 3459 875 3519 praesens
905 3441 1039 3498 futurum
1061 3446 1136 3500 erat.
1185 3437 1261 3498 Ger-

146 3525 268 3605 'manam
298 3547 477 3626 scripturam
504 3548 693 3629 eandemque
718 3546 971 3625 simplicissimam
993 3548 1136 3604 absolvitis
1157 3544 1262 3604 Iunius

147 3654 297 3732 repperit:
339 3672 400 3731 qua
432 3663 558 3733 recepta
593 3663 623 3715 et
650 3675 730 3733 pone
755 3657 882 3712 homines
907 3654 1023 3711 inserta
1056 3661 1083 3710 et
1113 3651 1265 3729 particula
1324 3671 1328 3680 ·

149 3760 207 3819 duo
232 3759 378 3818 octonarii
398 3760 523 3818 'iambici
544 3761 708 3839 prodeunt:

301 3868 359 3924 Nos
381 3868 508 3939 bdrbori,
531 3872 608 3941 quod
628 3867 792 3925 innoeentes
814 3867 843 3924 ιύ
861 3869 995 3940 pabulum
1013 3865 1182 3941 sufftbimus

300 3972 457 4030 Homines?
487 3981 515 4030 et
536 3969 589 4032 vos*
606 3994 662 4032 non
684 3975 812 4043 bdrbari,
833 3976 883 4047 qui
899 3973 1002 4038 noxios
1025 3976 1186 4033 obsdlvitis?

233 4078 339 4138 Redeo
356 4079 396 4138 ad
407 4077 523 4138 indices
539 4087 716 4138 saturarum.
741 4079 975 4157 Inscriptionem
992 4079 1148 4157 Τργυδίιης
1162 4071 1265 4158 ιριπό·
1305 4071 1313 4089 “

149 4187 209 4254 λιος
227 4180 299 4268 ’περὶ
322 4174 429 4263 ἀρετῆς
450 4172 597 4263 κτήσεως,ι
625 4182 663 4261 de
684 4185 768 4242 cuius
791 4185 920 4245 veritate
943 4184 1122 4247 addubitare
1144 4186 1287 4255 Meroli-=

149 4293 228 4351 linus
250 4291 382 4363 videtur,
404 4300 477 4369 puto
492 4291 663 4350 Mercerum
683 4266 744 4348 non
765 4290 1006 4371 improbabiliter
1026 4293 1208 4373 explicuisse
1225 4292 1265 4352 ad
