2760 4890
491 352 749 402 conmortuus.
1119 346 1177 407 137

57 516 176 588 ‘Nepae
194 516 320 587 lippoldi
333 516 423 571 lectus
434 517 561 586 pondus!
575 533 662 586 quum
675 516 749 587 fides
764 515 915 571 lenoniae’.
944 515 993 573 Ex
1010 515 1178 598 eodemque

59 619 173 680 Plauto
195 618 314 677 Nonius
334 619 355 678 l.
374 639 400 677 c.
422 623 510 678 levior
530 638 560 679 es
579 640 665 696 quem
685 623 796 694 tippula
819 620 908 678 affert
930 621 1060 682 fortasse
1079 626 1179 704 ipsum

57 725 144 785 illum
164 725 280 784 Persae
301 726 403 786 locum
425 725 610 804 significans.
655 728 765 802 lymfon
791 731 872 784 lacus
895 728 978 806 quod
1003 730 1102 789 Varro
1131 730 1175 790 di-

60 833 118 904 cit,
147 833 177 890 ei
198 832 356 891 consimile
374 841 421 891 est
447 830 583 891 eiusdem
605 838 674 899 Ham
695 839 833 887 Ezrrmrnc
858 833 894 892 fr.
915 843 932 894 4
957 836 1088 908 fervidos
1106 840 1174 913 soo-

58 944 127 1022 tipm
150 943 233 998 lacus
255 943 412 1014 scapularis.
444 941 494 998 De
516 938 553 996 fr.
576 938 625 996 IX
649 939 799 1018 scriptura
822 961 857 999 ac
880 919 1091 1000 distributione
1114 963 1175 1002 me-

59 1048 138 1105 trica
160 1045 275 1124 dixi'p.
297 1053 340 1106 28.
384 1044 465 1104 Huic
492 1046 707 1124 interpellandi
729 1047 816 1106 modo
838 1049 974 1125 geminus
999 1054 1045 1105 est
1062 1047 1116 1106 ille
1137 1048 1176 1109 de

60 1159 201 1210 erscrssr
221 1152 259 1211 fr.
279 1159 326 1214 16:
349 1152 444 1208 Erras
465 1151 666 1229 (compareas),
689 1157 789 1228 inquit,
814 1155 925 1223 Marce,
949 1171 1178 1215 accusaremus:

61 1265 221 1320 ruminaris
248 1260 447 1333 antiquitates:
473 1260 505 1317 in
533 1257 641 1339 quibus
669 1260 722 1320 vix
750 1258 957 1334 dubiumst,
987 1263 1059 1341 quin
1080 1264 1177 1323 Varro

61 1389 142 1441 suos,
167 1389 184 1427 e
207 1365 315 1447 quibus
334 1364 376 1423 ibi
400 1366 550 1444 quaedam
574 1376 817 1445 exprompserat,
839 1366 1063 1447 Antiquitatum
1083 1368 1177 1428 libros

62 1473 213 1551 designet.
257 1472 318 1531 Illa
344 1479 446 1529 autem
473 1473 511 1532 fr.
538 1473 587 1531 IX
615 1475 660 1532 ita
684 1473 744 1531 dici
776 1473 933 1548 videntur,
965 1482 998 1532 ut
1027 1474 1178 1554 quaedam

61 1587 130 1640 eum
155 1581 217 1639 iam
239 1587 310 1638 ante
332 1577 371 1636 de
393 1579 487 1656 tropis
512 1579 717 1659 disputavisse
739 1587 903 1658 appareat,
928 1601 944 1640 e
968 1582 1076 1661 quibus
1100 1583 1177 1641 forte

60 1706 116 1765 per
146 1685 290 1763 exempla
317 1685 549 1744 translationum
571 1687 683 1745 sensim
705 1687 736 1743 in
757 1688 984 1746 retractandam
1006 1687 1179 1770 Odysseam

61 1792 208 1871 delapsus
231 1801 288 1851 est.
333 1790 409 1850 Cum
431 1791 479 1850 IX
499 1800 600 1851 autem
621 1794 713 1851 artius
737 1793 880 1852 cohaeret
903 1795 948 1852 X:
977 1816 1085 1874 nempe
1109 1794 1178 1854 idco

61 1919 95 1958 se
119 1897 295 1978 Odysseam
320 1898 463 1956 ruminari
485 1898 549 1983 tait,
577 1898 659 1977 quod
687 1899 886 1958 calumniator
910 1900 962 1958 ille
989 1924 1050 1961 non
1081 1904 1178 1961 solum

60 2025 93 2064 se
119 1985 249 2080 τρόποὺς
274 1995 432 2081 ignorasse
457 2002 512 2062 sied
543 2005 662 2063 omnino
690 2006 800 2063 heroas
830 2006 1007 2065 nescivisse·
1026 2017 1178 2083 arguerat,
1211 1978 1217 1989 ⁶

59 2111 230 2187 generatim
254 2109 374 2183 dicens,
404 2129 483 2189 quae
503 2110 543 2168 ad
563 2130 654 2168 unum
677 2111 808 2169 fortasse
832 2110 955 2170 Ulixem
976 2112 1178 2191 pertinebant.
1223 2189 1227 2195 ,

58 2216 295 2288 Paronomasia,
326 2235 405 2294 quae
431 2223 477 2273 est
503 2216 535 2273 in
559 2209 682 2295 τρόπων
698 2209 823 2293 τρόπους
845 2216 874 2276 h.
899 2237 925 2276 e.
949 2219 1180 2300 translationum

58 2319 183 2393 modos,
206 2340 268 2378 non
290 2319 423 2399 debebat
443 2321 554 2381 deleri:
582 2344 660 2402 quae
678 2324 812 2383 firmatur
831 2344 882 2396 eo,
910 2325 992 2403 quod
1014 2346 1052 2384 ne
1075 2345 1178 2384 nume-

56 2428 101 2486 ris
123 2426 248 2506 quidem
269 2446 307 2486 ea
328 2426 424 2487 verba
446 2427 591 2488 destituta
613 2431 687 2488 sint:

217 2556 343 2640 Τρόπων
364 2553 491 2640 τρόπους
512 2569 563 2638 qui
578 2567 635 2623 non
655 2570 736 2647 modo
757 2568 905 2642 ipnordsse
927 2587 970 2626 me

215 2671 339 2742 Clama't,
362 2676 414 2730 sed
433 2677 546 2731 omnino
566 2674 656 2731 o'mnis
677 2675 782 2732 hermis
802 2684 887 2750 nepot
977 2662 980 2667 ’

215 2779 355 2836 Nescisse.

57 2936 199 3005 tenerare
225 2928 307 3011 quod
328 2930 452 3008 scripsit
474 2928 635 3006 Oehlerus,
660 2932 836 3012 imprudens
864 2935 948 2995 fecit.
992 2938 1042 2995 De
1067 2936 1179 3015 duplici

59 3038 227 3114 negatione
257 3046 343 3111 capet
372 3041 496 3095 nescisse
524 3038 662 3096 conferre
689 3041 775 3099 iuvat
804 3043 902 3121 ipsum
932 3042 1080 3113 Nonium,
1117 3042 1179 3122 qui,

60 3164 122 3223 quo
153 3151 208 3202 aut
232 3143 328 3222 ipsius
356 3142 511 3201 festinatio
538 3143 708 3204 illustretur
738 3155 790 3205 aut
812 3147 962 3206 indicetur
985 3131 1121 3204 condicio
1144 3147 1179 3204 li-

57 3249 199 3323 brorum,
229 3257 431 3329 posteaquam
453 3270 482 3328 p.
510 3260 576 3322 530,
600 3259 632 3312 21
661 3259 785 3331 propter
815 3252 898 3329 ipsas
922 3251 996 3309 duas
1019 3253 1179 3327 negativas

58 3354 141 3414 illud
163 3354 335 3435 exemplum
361 3357 517 3434 apposuit,
546 3378 576 3436 p.
601 3367 668 3432 532,
691 3368 724 3419 12
752 3357 829 3416 haec
863 3356 983 3417 scribit:
1025 3362 1180 3434 Nepotiane

59 3466 138 3520 duas
161 3481 219 3536 pro
248 3455 379 3536 neemiae
407 3482 466 3520 une
491 3467 677 3535 accipiendas
706 3466 799 3523 Varro
824 3469 992 3521 monstravit
1015 3470 1049 3522 dc
1071 3469 1128 3523 vito
1146 3468 1179 3521 P.

59 3571 100 3627 R.
127 3571 176 3627 lib.
204 3570 253 3627 ΙΙ.·
294 3571 370 3643 ‘quc
395 3572 564 3627 abstinentie
589 3573 645 3627 ciri
668 3573 858 3642 mulieresque
883 3571 1032 3627 Romanae
1056 3571 1180 3643 suerint,

52 3663 140 3748 ¹qaod
167 3695 188 3733 a
215 3693 283 3749 repe
311 3693 433 3734 munera
459 3693 557 3733 eorum
584 3679 711 3752 nolucrit
737 3695 818 3734 nemo
840 3677 993 3750 accipere?
1039 3674 1118 3735 Vide
1142 3676 1180 3734 de

62 3801 100 3839 eo
131 3799 190 3839 usu
217 3780 407 3860 Scaligerum
430 3766 464 3841 in
492 3783 697 3841 coniectaneis
728 3806 758 3863 p.
789 3792 841 3845 213
870 3790 900 3840 et
928 3781 1129 3840 Ritschelium
1150 3783 1180 3840 in

61 3907 144 3946 novo
165 3907 271 3947 museo
293 3889 392 3948 Rhen.
409 3890 455 3948 IV
477 3910 507 3968 p.
526 3897 586 3951 582.
631 3889 659 3947 E
680 3887 834 3947 veteribus
857 3890 986 3947 maxime
1011 3890 1180 3967 appositum

63 4002 112 4053 est
140 3993 233 4053 Ennii
260 3995 434 4073 exemplum
461 4002 538 4070 trag.
564 4001 628 4057 174:
662 3997 789 4068 Lapideo
811 4004 878 4054 sunt
900 4000 986 4055 corde
1009 4000 1090 4054 malti
1111 4014 1181 4069 quos

13 4114 16 4119 ’
60 4119 121 4159 non
142 4103 258 4159 miseret
278 4104 408 4159 neminis.

149 4235 265 4296 Verum
292 4237 373 4296 enim
394 4257 484 4312 vero,
511 4237 569 4296 nisi
592 4256 639 4295 me
663 4235 742 4294 fallit
765 4240 909 4317 suspitio,
938 4240 1035 4298 Varro
1058 4248 1181 4316 praeter

60 4342 119 4401 illa
138 4342 231 4402 etiam
251 4342 460 4425 rhythmorum
481 4345 513 4402 in
534 4343 581 4402 his
606 4344 715 4401 saturis
736 4345 926 4418 varietatem,
951 4365 1030 4425 quae
1053 4365 1091 4402 ne
1113 4345 1181 4420 ipsa
