2760 4890
182 327 240 390 184
615 340 871 388 CONlEOTANEA.

181 503 304 562 Horatii
332 501 416 574 dico,
448 519 538 580 quem
569 519 636 558 cum
660 499 731 558 olim
763 500 900 559 nonnulli
929 520 997 559 cum
1021 501 1169 562 Varronis
1200 511 1306 562 satura

183 608 371 682 conferrent,
412 627 469 666 nco
505 627 574 665 eam
607 606 834 667 similitudinem
874 626 932 687 quo
967 608 1097 669 maxime
1135 609 1307 688 pertineret

181 723 395 795 perceperunt,
419 735 477 774 nec
493 713 535 773 ad
555 712 752 792 explicandas
769 714 915 775 Varronis
933 713 1080 795 reliquias
1097 715 1219 793 longius
1235 735 1304 794 per-

182 823 279 882 secuti
299 830 378 881 eunt.
415 823 498 898 Ergo
521 818 705 891 adscribam,
728 838 807 898 quae
828 819 888 878 huc
908 819 1073 880 referenda
1087 815 1262 896 videantur,
1287 843 1303 881 e

181 936 286 989 satura
310 929 482 988 Horatiana
504 926 551 1005 (ΙΙ
571 924 617 1005 3),
649 946 710 1006 qua
738 931 831 1004 poeta
851 911 1076 1006 Damasippum
1095 949 1155 988 non
1180 912 1304 1010 quidem

182 1055 220 1095 ex
243 1056 297 1095 suo
321 1054 423 1108 sensu,
447 1033 501 1094 sed
524 1053 541 1092 e
563 1040 664 1108 mente
680 1017 816 1094 Stertinii
829 1035 917 1095 stoici
932 1028 1028 1113 δόγμα
1042 1034 1121 1109 illud
1140 1036 1304 1094 stoicorum

178 1133 225 1202 ὅτι
242 1135 351 1214 πάντες
367 1137 460 1221 μωροὶ
476 1139 633 1218 μαίνονται
649 1142 856 1221 exemplorum
871 1141 1045 1222 frequentia
1061 1141 1204 1202 illustrat.
1238 1144 1300 1202 Ita·

182 1270 241 1331 que
263 1250 426 1311 Stertinius
448 1250 671 1328 Damasippum
693 1248 778 1322 olim,
808 1268 876 1307 cum
896 1266 930 1308 se
952 1246 1049 1306 vellet
1071 1258 1178 1328 operto
1202 1251 1302 1329 eapite

181 1358 214 1416 in
233 1359 345 1417 flumen
367 1357 497 1429 mittere,
520 1357 563 1414 ita
585 1353 798 1435 appellaverat
824 1351 867 1432 (v.
886 1351 951 1432 39):
1078 1356 1081 1360 '

629 1493 738 1559 Pudor,
760 1494 860 1565 inquit,
884 1499 910 1548 te
933 1493 1026 1548 mulus
1049 1494 1138 1566 unpit,

334 1603 459 1658 Insanos
481 1602 532 1673 qui
551 1601 626 1656 inter
645 1614 765 1656 vereare
786 1601 908 1657 insunus
930 1601 1040 1657 huleri

180 1757 209 1794 v.
231 1744 265 1798 46
737 1754 813 1793 nunc
832 1739 947 1810 coepe,
970 1752 1063 1809 quure

332 1843 484 1916 Deripiunt
506 1858 603 1899 omnes
625 1857 715 1914 oeque
738 1860 772 1898 uo
798 1851 843 1913 tu,
866 1846 917 1917 qui
938 1845 988 1901 titi
1008 1860 1109 1901 nomen

302 1965 303 1969 ’
333 1952 441 2007 Iasone
460 1964 594 2022 posuere.

181 2102 230 2160 Ita
259 2101 324 2160 fere
357 2100 529 2180 putaverim
551 2099 720 2160 Veritatem
748 2120 871 2180 quoque
893 2102 1114 2162 Varronianam
1135 2122 1221 2176 eum,
1251 2104 1304 2182 qui

182 2229 216 2268 se
237 2209 347 2268 mentis
369 2209 471 2267 furore
491 2215 616 2285 propter
637 2206 790 2267 hominum
811 2210 924 2267 famam
948 2206 1002 2284 (ci.
1018 2210 1055 2268 fr.
1073 2209 1103 2280 Ι)
1128 2217 1303 2288 correptum

182 2313 343 2388 credebat,
365 2312 551 2393 appellasse.
596 2312 752 2393 Deinceps
776 2313 938 2373 Stertinius
962 2333 1049 2373 suurn
1069 2335 1231 2374 recensum
1254 2315 1302 2373 his

180 2419 319 2478 versibus
342 2419 471 2478 orditur:
494 2402 524 2476 n,
545 2426 578 2480 77
603 2438 669 2498 sqq.

334 2557 442 2613 Audire
465 2563 550 2629 utque
572 2564 666 2629 topurn
686 2558 766 2612 iubeo
785 2573 954 2630 componere
977 2561 1105 2631 quisquis

334 2664 491 2719 Ambitione
513 2665 589 2718 melu
612 2670 663 2719 unt
686 2667 801 2736 arpenti
817 2665 910 2736 pellet
930 2680 1044 2734 umore,

333 2769 469 2840 Quisquis
491 2769 610 2823 luxurio
630 2771 737 2826 tristive
759 2773 962 2842 superstitione

333 2876 391 2930 Aut
413 2875 469 2929 ulio
492 2877 592 2930 mentis
614 2877 710 2933 morbo
731 2879 805 2933 colet
825 2907 867 2916 -
888 2877 945 2932 linc
964 2878 1090 2947 propius
1112 2890 1171 2941 me,

332 2981 408 3038 Dum
428 2982 513 3037 doceo
535 2983 664 3038 insunire
684 2999 794 3052 omnes,
819 3001 868 3040 ros
890 2986 992 3041 ordine
1010 2983 1095 3038 adite.

334 3088 440 3145 Denda
460 3095 503 3144 est
524 3089 640 3145 ellebori
659 3072 746 3148 multo
764 3093 989 3162 purs.rnuximu
1011 3092 1117 3146 cruris.

180 3244 263 3318 Ergo
291 3241 419 3320 primam
443 3239 604 3299 Stertinius
633 3237 712 3317 (sive
734 3240 954 3322 Damasippus)
985 3240 1144 3300 avaritiam
1171 3241 1299 3318 profert,

181 3367 259 3427 quae
287 3354 441 3426 postrema
463 3347 520 3405 fuit
542 3348 572 3406 in
596 3351 730 3426 compari
752 3369 881 3409 recensu
903 3344 1065 3408 Varronis:
1105 3350 1229 3420 denique
1252 3353 1302 3421 qui

179 3461 215 3515 sit
236 3473 344 3514 cuorus
365 3457 461 3513 Sanus
484 3475 510 3513 e.
534 3477 562 3535 q.
585 3475 609 3513 s.
635 3453 790 3532 (XXIII).
824 3434 979 3523 ‚Ceterum
998 3451 1079 3533 quod
1098 3452 1196 3512 Varro
1215 3453 1300 3526 dicit,

181 3583 306 3621 avarum
329 3562 419 3621 etiam
442 3561 467 3618 si
492 3562 592 3618 omnia
614 3570 811 3641 suppeterent
830 3563 960 3636 furendo
982 3568 1084 3620 tamen
1105 3581 1226 3640 semper
1245 3561 1298 3619 ali-

182 3667 255 3749 quid
275 3688 423 3747 quaerere
445 3666 561 3746 p'eculi,
585 3686 623 3725 ne
646 3667 684 3726 ab
708 3687 743 3726 eo
768 3667 891 3747 quidem
911 3667 1057 3726 Horatius
1078 3666 1205 3740 abludit,
1231 3688 1299 3726 cum

182 3776 224 3834 ait
248 3773 291 3852 (V.
314 3785 361 3837 lis
384 3773 483 3853 sqq.):

839 3896 945 3953 quare,

333 3987 365 4044 Si
388 3989 501 4060 quidvis
523 3991 594 4045 sutis
616 3996 672 4056 est,
692 3989 845 4061 periurus,
868 3989 1009 4060 surripis,
1031 3985 1135 4058 aufers
1193 4053 1199 4060 U

339 4095 487 4165 Undique?
510 4102 560 4151 tun
582 4101 691 4150 sunus?
764 4173 770 4187 ὗ

182 4227 301 4306 Quodsi
328 4228 359 4286 in
386 4229 560 4288 universum
590 4218 685 4287 dubia
708 4247 776 4286 esse
800 4236 944 4307 nequeat·
963 4227 1182 4288 Varronianae
1199 4226 1300 4290 Hora-

181 4335 345 4415 tianaeque
363 4346 534 4394 saturarum
556 4334 736 4413 similitudo,
758 4336 832 4393 satis
857 4333 1044 4409 confidenter
1064 4331 1138 4390 licet
1156 4332 1193 4408 ir.
1218 4331 1302 4390 XXI
