2760 4890
482 338 740 405 coruscarunt.
1130 344 1171 406 47

53 512 248 592 liausposui
271 514 442 571 rubetarum
468 531 599 590 proaem:
635 513 692 574 sed
717 514 909 575 incommoda
933 525 1004 576 sunt
1024 533 1171 577 musarum
1203 523 1207 529 '

51 592 242 703 spondeicus
264 619 351 679 vocis
375 628 531 681 accentus.
1248 699 1253 709 q

141 724 301 788 laudator
321 725 404 807 quod
422 746 528 806 perum
550 727 674 808 plausus
695 728 800 789 tulerit
812 728 1057 808 indignabundus
1074 730 1171 792 Grac-

52 850 108 891 cos
128 839 331 907 contentatur,
351 851 443 914 quam
461 833 494 892 hi
515 834 606 913 longo
625 855 660 896 se
681 835 771 899 aliter
789 838 821 895 in
838 835 895 896 tali
913 858 947 897 re
966 840 1126 917 gesserint.

140 938 188 1029 YI
211 936 255 1017 (8)
276 942 341 1000 Iloc
363 943 485 1001 Graccis
505 945 678 1011 renuntiato,
700 951 731 1001 ut
748 944 837 1017 facite
853 947 1041 1021 intelteyeres,
1064 965 1117 1006 noa
1136 949 1171 1006 ab

51 1046 99 1104 Iris
122 1050 232 1117 amri,
252 1054 528 1109 roamurmurcrtur
548 1024 643 1107 edroi.

53 1155 137 1211 actui
155 1150 226 1213 libri
243 1174 275 1233 p.
288 1162 395 1230 titas,
417 1153 501 1235 quod
523 1152 656 1213 debebat
675 1174 744 1215 esse
760 1142 855 1216 αὐτοί.
888 1155 1039 1216 Oehlerus
1052 1176 1119 1217 cnm
1135 1177 1172 1217 eu

53 1259 100 1317 sic
116 1257 245 1319 scribat:
268 1262 354 1333 „Hoc
370 1263 491 1321 Graecis
510 1266 695 1333 renuntiatio,
717 1271 748 1321 ut
761 1263 851 1336 sarilo
864 1267 1052 1338 intelteqerea
1072 1268 1172 1323 nesab

52 1369 100 1426 bis
126 1372 241 1426 cmori“
267 1377 544 1427 coamurmurcntur
571 1358 671 1440 edroi,
706 1370 810 1428 nescio
835 1389 893 1430 nec
920 1367 1067 1429 indicarit
1094 1368 1171 1447 ipse,

53 1472 207 1554 quomodo
227 1493 261 1534 se
283 1473 379 1535 vellet
396 1473 544 1553 intellegi.

141 1580 185 1641 At
213 1589 262 1641 est
285 1582 365 1641 inter
392 1581 562 1656 auditores,
593 1584 645 1664 qui
671 1603 730 1663 quo
758 1582 855 1642 leniat
875 1581 1171 1661 laudatorisaegro·

54 1708 129 1762 rem,
150 1696 185 1749 nt
201 1687 302 1748 ubivis
321 1686 481 1747 multitudo
501 1688 674 1748 invidorum
689 1699 837 1762 occurrat,
858 1690 906 1747 ita‘
919 1689 1007 1748 istam
1022 1687 1172 1750 obtrecta-

54 1796 171 1855 tionem
193 1803 297 1856 monet
325 1815 363 1855 ex
385 1794 502 1854 invidia
522 1797 625 1870 nasci,
649 1795 770 1877 quando
793 1794 1013 1859 obtrectatores
1035 1797 1094 1876 ipsi
1115 1796 1173 1856 sibi

54 1902 87 1961 in
107 1920 197 1962 aures
218 1888 393 1973 susurrent,
413 1899 507 1961 licere
528 1900 583 1959 illa
604 1901 778 1982 vituperare
798 1900 918 1960 facilius
941 1921 1031 1981 quam
1051 1905 1172 1964 imitari.

55 2010 125 2070 Hoc
146 2010 215 2069 fere
233 2027 314 2069 nexu
332 2008 469 2087 suspicor
490 2004 568 2066 haec
588 2004 647 2066 duo
668 2008 841 2085 fragmenta
860 2007 931 2067 olim
953 2008 1036 2068 lecta
1056 2030 1140 2070 esse:

139 2116 205 2177 VII
225 2113 273 2194 (3)
296 2117 385 2175 Omna*
397 2121 514 2189 opstant
536 2120 566 2173 r'n
582 2119 745 2186 ,ministerio
767 2119 893 2174 incidam
914 2119 1001 2174 tabes.

139 2222 223 2283 VIII
237 2219 280 2300 (d)
301 2223 398 2293 Quare
413 2226 522 2281 resides
535 2226 705 2298 lirryulaccr,
730 2225 934 2281 obtrectatores
949 2228 999 2294 tui,
1021 2227 1079 2282 iam
1097 2241 1174 2282 nunc
1199 2197 1206 2207 ¹

57 2335 273 2388 murmurantes
293 2332 407 2388 durat:
430 2319 602 2404 μωμήσεταί
620 2348 664 2397 τις
685 2326 795 2404 μᾶλλον
818 2315 1019 2407 dacobertus.

59 2437 181 2509 Oprtaat
200 2435 327 2517 scripsi:
351 2435 474 2496 codices
491 2454 522 2514 p.
544 2443 606 2507 495,
625 2442 659 2498 ⁶29
682 2455 698 2494 o
719 2439 759 2493 mi
776 2441 888 2511 optanti
908 2438 1073 2503 ministerio,
1093 2432 1174 2513 quod

57 2538 174 2618 Popma
204 2543 351 2612 correxit:
380 2547 527 2602 inviduam
551 2539 636 2614 libri,
664 2541 745 2621 quod
767 2547 892 2613 invidum
916 2561 984 2604 esse
1008 2539 1120 2600 debere
1143 2549 1174 2600 et

59 2645 210 2707 sententia
231 2657 263 2708 et
285 2649 450 2729 explicatio
471 2649 564 2708 Nonii
588 2648 716 2707 evincit:
741 2654 923 2709 accusativus
942 2651 1056 2708 numeri
1077 2651 1174 2722 astqu-

59 2756 128 2811 lcrr'e
154 2758 268 2829 positus
284 2775 343 2831 pro
360 2754 489 2833 practico
505 2759 624 2830 plurali.
670 2755 741 2814 Fuit
764 2766 866 2816 autem
888 2756 1091 2834 fragmentum
1113 2775 1175 2815 me·

59 2860 181 2934 meum,
205 2861 289 2943 quod
308 2862 353 2920 sic
373 2861 536 2921 distribuo:

210 2972 334 3028 ..omni
352 2976 467 3044 opstant
488 2969 520 3030 ιἰι
541 2975 698 3030 ministerio
721 2971 848 3030 trucidant

211 3077 313 3136 Tabe's.

63 3178 127 3243 Non
145 3190 221 3262 puto
243 3183 324 3243 enim
344 3191 534 3257 scazontem,
560 3185 612 3265 qui
633 3184 774 3245 videatur
795 3184 897 3257 alicui,
921 3185 1033 3244 fuisse:
1058 3182 1096 3241 de
1114 3201 1174 3261 quo
1245 3239 1250 3245 .
1287 3192 1294 3201 ’

62 3304 171 3363 genere
192 3286 294 3349 dicam
315 3289 397 3350 infra
419 3288 493 3370 quid
514 3291 612 3351 Varro
635 3289 781 3369 probarit.

134 3398 189 3457 Fr.
207 3394 288 3457 VIII
305 3406 400 3470 recte,
423 3380 506 3477 pute,
529 3374 686 3456 Mercerus
708 3401 818 3455 resides
831 3396 952 3473 scripsit
964 3415 1018 3475 pro
1031 3393 1176 3452 librorum

64 3500 102 3582 (p-
122 3510 173 3577 26,
200 3500 247 3584 17)
277 3507 385 3563 residit.
434 3504 484 3563 De
512 3501 677 3582 proverbio
704 3522 816 3580 graeco
842 3502 900 3560 hoc
930 3499 1174 3560 animadverten-

64 3606 136 3682 dnm,
159 3627 223 3668 non
243 3606 294 3667 hic
312 3627 370 3668 usu
392 3608 528 3694 vulgato,
553 3628 612 3689 quo
634 3617 667 3667 ut
689 3618 825 3669 nostrum
844 3607 921 3667 illud
940 3609 1064 3666 Macbt's
1079 3609 1176 3664 bercer

64 3712 265 3799 acontidenti
292 3715 407 3775 artifice
432 3717 465 3775 in
486 3715 722 3796 reprehensores
745 3717 804 3775 iaci
828 3714 962 3787 solebat,
986 3712 1042 3773 sed
1063 3713 1107 3771 ita
1122 3711 1174 3771 ad·

63 3818 186 3881 bibitum
208 3839 293 3895 esse,
322 3829 356 3880 nt
376 3823 511 3901 ipsorum
532 3820 786 3895 obtrectatorum,
816 3824 868 3903 qui
891 3842 924 3882 se
945 3822 1105 3881 inferiores
1128 3839 1174 3878 ar·

63 3927 139 3989 tilica
165 3928 314 3999 sentiant,
343 3929 566 3988 confessionem
588 3912 751 3988 contineat.
797 3928 845 3990 Cf.
869 3929 914 3990 de.
929 3946 986 3988 usu
1009 3936 1040 3984 et
1059 3927 1176 4002 origine
1228 3906 1236 3923 ⁶
1275 4000 1277 4003 Ι

65 4033 123 4095 eius
152 4032 310 4115 proverbii
340 4030 388 4093 0.·
409 4033 533 4094 Iahnius
578 4035 726 4108 (Berr'clrte
754 4041 781 4095 d.
809 4040 904 4096 strar.
932 4039 997 4097 Ges.
1026 4038 1053 4092 d.
1090 4036 1175 4093 Wtss.
1280 4068 1289 4083 ·

67 4147 129 4205 1856
174 4148 280 4205 ·287.

145 4157 242 4309 Idorro
257 4140 368 4309 lisseio
386 4249 454 4330 quis
470 4248 624 4309 laudatori
644 4249 766 4321 suadet,
796 4257 830 4307 ut
849 4247 925 4307 alias
946 4246 1093 4308 laudandi
1111 4265 1174 4304 ma·

70 4354 156 4415 terias
176 4364 278 4435 petat:
