2760 4890
213 333 274 394 204
456 313 458 316 ’
640 345 896 393 conmortuus.

212 505 268 563 bus
295 505 468 580 insignitam
493 505 597 563 fuisse.
642 503 820 584 Eademque
842 505 1090 577 ratiocinatione,
1125 525 1187 584 qua
1206 514 1327 563 saturas

213 613 399 683 evincamus,
424 612 467 668 uti
492 610 567 668 licet
589 630 656 668 cum
673 612 704 669 in
723 610 980 692 Quinquatrnbus,
1004 611 1114 693 quibus
1130 613 1328 671 conferantur

114 723 118 731 '
213 718 334 777 Vinalia
353 712 420 794 περὶ
443 703 639 793 ἀφροδισίων,
668 724 731 774 tum
752 718 783 774 in
807 711 1049 800 Hlovrotoprivp,
1074 737 1165 796 quarn
1187 718 1326 776 Ritsche-

212 823 271 881 lius
293 824 424 882 restituit
448 821 610 901 (parergon
625 823 641 881 I
659 843 689 901 p.
707 822 784 900 178),
808 824 919 883 collata
938 815 1151 903 Κοσμοτορύνῃ
1165 818 1234 899 περὶ
1249 826 1323 896 φθο-

213 929 267 1007 ρᾶς
295 921 416 1005 κόσμου.
463 928 581 1005 Quibus
612 929 684 988 addi
712 931 842 988 sortasse
867 930 940 988 licet
969 928 1179 1007 Λογομαχίαν,
1206 927 1327 986 collatis

214 1045 244 1094 et
271 1033 440 1116 Σκιαμαχίᾳ
465 1031 532 1111 περὶ
561 1028 660 1109 τύφου
680 1043 711 1093 et
731 1035 863 1114 Oaprino
886 1035 1002 1115 proelio
1025 1031 1091 1113 περὶ
1114 1023 1233 1109 ἡδονῆς.
1279 1035 1327 1092 Ita

213 1165 280 1202 curn
299 1143 380 1201 bona
393 1163 471 1221 pars
491 1143 672 1222 simplicium
695 1142 923 1221 inscriptionum
935 1141 1033 1230 gtiam
1055 1140 1172 1220 absque
1192 1141 1326 1199 testimo-

212 1251 270 1309 niis
299 1248 497 1328 probabiliter
521 1251 631 1309 satun‘s
658 1248 844 1320 vindicetur,
874 1249 934 1306 iam
960 1268 1020 1305 non
1048 1247 1197 1327 estquod
1218 1249 1327 1309 citatos

162 1397 165 1403 -
214 1378 232 1414 a
258 1356 358 1415 Nonio
388 1355 541 1434 simplices
563 1357 666 1414 titulos
687 1376 791 1414 omnes
815 1377 833 1414 a
852 1355 962 1414 saturis
984 1354 1135 1411 removeri
1156 1352 1326 1413 iubeamus.

53 1475 59 1485 ’
145 1532 148 1538 ¹
212 1464 279 1521 Neo
306 1463 401 1538 magis
427 1464 457 1521 in
489 1463 548 1522 bac
577 1483 669 1522 causa
695 1463 850 1542 proficitur
878 1460 1049 1520 discrimine
1079 1458 1182 1540 aliquo
1207 1469 1326 1519 saturas

211 1570 291 1626 inter
312 1576 343 1626 et
367 1569 562 1648 Menippeas:
594 1570 674 1650 quod
704 1570 866 1630 discrimen
889 1587 957 1626 curn
978 1566 1160 1645 Hieronymi
1180 1567 1212 1624 in
1234 1566 1327 1625 libro-

212 1693 276 1731 rum
306 1675 562 1733 Varronianorum
591 1677 732 1755 catalogo
762 1654 948 1762 testimonia:
990 1661 1056 1731 libri
1086 1675 1131 1730 CL
1156 1683 1327 1748 saturarum

211 1783 447 1859 Mamppearam,
483 1783 550 1838 libri
581 1785 632 1842 IV
660 1797 829 1844 saturarum
856 1779 1020 1841 suaderent
1054 1777 1111 1856 (cf.
1139 1779 1329 1839 Ritschelius

212 1887 283 1946 novi
304 1887 400 1945 musei
422 1886 526 1945 Rhen.'
544 1889 590 1949 VI
615 1911 644 1969 p.
665 1901 726 1954 493.
748 1900 795 1952 sal
821 1887 891 1969 sq.)‚
914 1905 1028 1958 vanum
1046 1905 1114 1946 esse
1137 1887 1328 1946 Merclrlinus

213 1996 354 2053 evincere
377 1993 480 2053 studet
501 2016 531 2072 p.
553 2004 602 2059 337
627 2018 682 2077 sq,
706 1999 749 2056 ita
771 1995 902 2075 quidem,
925 2001 958 2051 ut
980 1991 1165 2052 credendum
1184 1993 1328 2053 videatur

210 2101 289 2157 inter
312 2100 490 2176 superstites
513 2102 617 2161 titulos
636 2102 752 2161 nullum
774 2121 858 2173 esse,
887 2122 976 2181 quern
999 2120 1066 2158 curn
1086 2099 1147 2159 fide
1169 2121 1185 2160 e
1208 2101 1328 2179 Menip-

211 2207 277 2284 peis
299 2205 451 2277 secludas,
474 2205 513 2264 ad
536 2217 653 2266 saturas
676 2210 803 2267 referas.
849 2206 891 2265 At
913 2207 986 2265 licet
1009 2227 1068 2265 non
1088 2208 1214 2265 nimium
1233 2208 1260 2265 ei
1283 2208 1329 2265 rei

210 2290 403 2369 tribuendum
426 2312 581 2387 videatur,
616 2315 697 2395 quod
722 2316 909 2393 grammatici
937 2313 1025 2372 modo
1050 2314 1247 2391 Menippeam
1276 2312 1329 2370 vel

212 2419 360 2498 Cynicam
381 2419 469 2478 modo
493 2431 626 2480 saturam
649 2421 820 2501 appellant,
849 2430 951 2479 tamon
979 2419 1053 2477 mihi
1075 2417 1198 2497 quidem
1220 2416 1259 2475 de
1283 2418 1328 2476 rei

212 2547 328 2585 summa
342 2525 475 2584 nondum
488 2526 609 2586 videtur
622 2528 785 2588 Merclrlini
801 2527 1005 2605 disputatione
1020 2533 1120 2584 actum
1132 2544 1210 2583 esse.
1228 2523 1328 2602 Quem

211 2631 311 2691 locum
340 2652 408 2690 cum
433 2614 512 2690 nunc
541 2637 766 2710 praetermitto,
800 2646 901 2693 tamen
928 2633 986 2690 hoc
1013 2651 1137 2703 rnoneo,
1168 2649 1236 2688 cum
1266 2630 1328 2689 alia

211 2741 243 2795 in
269 2758 305 2796 ea
333 2745 420 2815 parte
449 2737 661 2816 disputationis
689 2762 756 2800 meo
786 2741 908 2820 quidem
936 2759 1027 2798 sensu
1052 2739 1125 2796 satis
1144 2739 1219 2795 mire
1245 2736 1328 2797 dicta

212 2865 290 2916 esse,
314 2853 375 2902 tum
397 2846 527 2904 maxime
549 2846 635 2920 illud,
659 2868 718 2927 quo
741 2856 846 2906 contra
867 2845 1068 2905 Ritschelium
1089 2846 1183 2903 utitur
1205 2845 1327 2904 Merck-

211 2951 306 3022 linus,
331 2949 445 3029 absque
469 2953 608 3030 catalogo
626 2955 807 3035 Hieronymi
828 2962 926 3025 esset,
957 2954 1107 3011 neminem
1131 2973 1184 3010 eas
1208 2951 1327 3010 coniec-

210 3067 294 3116 turas
317 3058 502 3136 prolaturum
523 3061 628 3132 fuisse,
653 3082 729 3140 quas
748 3061 935 3121 Ritschelius
955 3060 988 3118 ll.
1013 3054 1057 3117 c'c.
1079 3060 1212 3117 iecisset.
1252 3061 1326 3119 Pro-

211 3168 293 3224 fecto
320 3184 378 3221 nee
407 3165 566 3244 quisquam
595 3167 672 3226 alius
700 3189 759 3227 noc
786 3167 974 3227 Ritschelius
1007 3167 1044 3226 dc
1077 3165 1250 3224 discrimine
1273 3166 1327 3224 illo

211 3271 432 3352 quaesivisset,
460 3272 519 3331 nisi
548 3275 748 3334 certissimum
770 3276 950 3355 Hieronymi
976 3273 1181 3334 testimonium
1203 3292 1240 3330 eo
1265 3273 1328 3330 ani·

211 3400 291 3437 mum
312 3377 511 3437 advertisset:
542 3381 631 3437 immo
654 3381 769 3461 absque
793 3402 829 3440 eo
851 3401 979 3440 recensu
1000 3380 1145 3439 librorum
1163 3379 1336 3438 Varronia,

211 3507 315 3544 norum
339 3485 403 3543 fere
427 3494 526 3544 certus
540 3487 614 3544 ¹sum
632 3486 712 3545 bona
733 3497 820 3564 parte
843 3508 945 3546 earum
959 3488 1007 3547 de
1029 3484 1234 3566 polygrapbia
1251 3485 1328 3544 Var-

211 3595 338 3652 roniana
360 3593 637 3665 ratiocinationum,
669 3595 925 3673 coniecturarum,
958 3593 1195 3664 divinationum,
1217 3590 1328 3671 ,quibus

213 3700 365 3777 singulare
394 3698 554 3756 Ritschelii
581 3699 735 3775 ingenium
755 3698 948 3776 explenduit,
976 3720 1031 3757 nos
1052 3697 1142 3756 hodie
1167 3696 1329 3755 destitutos

211 3807 286 3864 foro.
333 3803 395 3863 Sed
419 3811 504 3862 estne
527 3805 604 3863 haec
628 3826 703 3864 sana
724 3805 925 3878 ratiocinatio,
950 3807 975 3864 si
997 3807 1063 3885 quis
1085 3799 1229 3883 quaerat,
1255 3803 1329 3882 quid

212 3913 277 3970 sine
300 3911 402 3989 aliquo
427 3912 598 3969 testimonio
620 3918 672 3969 aut
694 3911 807 3968 facturn
833 3913 873 3970 sit
891 3921 942 3971 aut
966 3912 1123 3982 creditum,
1146 3929 1183 3968 ac
1198 3929 1260 3967 non
1274 3930 1327 3987 po-

211 4019 270 4076 tius
293 4016 366 4096 quid
388 4026 451 4076 tum
476 4016 561 4074 credi
585 4016 710 4088 debeat,
734 4036 801 4074 cum
822 4018 1005 4096 necopinato
1028 4017 1115 4076 testis
1139 4016 1328 4074 certissimae

173 4105 175 4108 V
211 4123 283 4182 fidei
308 4121 457 4182 accedat?

296 4228 436 4290 Percurri
457 4236 489 4286 ut
512 4237 584 4306 put-o
606 4231 720 4301 omnia,
750 4251 829 4310 quae
853 4231 1019 4306 excogitari
1042 4231 1175 4308 possint,
1203 4239 1237 4288 ut
1258 4230 1328 4289 illo·

211 4358 277 4397 rum
297 4337 535 4396 testimoniorum
562 4336 767 4416 discrepantia
787 4338 881 4397 Nonii
903 4337 1003 4415 aliquo
1027 4336 1116 4403 modo
1138 4336 1328 4416 explicetur:
