2760 4890
137 317 178 378 64
566 334 825 386 coruncanum⁴

222 491 353 551 Restant
369 500 521 569 postremo
544 493 603 553 duo
626 495 808 573 fragmenta,
835 503 943 576 aperta
964 495 1018 558 illa
1037 497 1162 577 quidem
1184 517 1257 558 sen·

136 591 248 674 tentia,
283 607 314 659 et
340 619 420 680 quae
447 599 519 658 olim
546 601 697 660 artissime
719 620 837 661 conexa
855 602 950 662 fuisse
972 604 1167 664 manifestum
1191 613 1256 665 est:

138 705 193 765 sed
217 708 250 765 in
277 725 337 788 qua
361 715 448 787 parte
479 707 622 786 colloquii
648 708 748 786 posita
776 707 904 782 fuerint,
932 708 1036 770 dicere
1058 731 1120 770 non
1140 711 1255 772 audeo.

137 812 316 873 Venationis
342 815 423 873 enim
449 812 633 873 obtrectator
664 814 761 892 carpit
787 815 880 874 etiam
906 816 1104 891 insolentem,
1133 837 1194 897 quo
1224 819 1256 876 in

136 919 277 980 venando
300 922 344 980 uti
364 920 499 994 soleant,
527 919 639 978 cultum
660 904 805 979 vestitus:
838 923 897 981 nisi
917 922 996 982 haec
1017 943 1078 983 non
1099 923 1141 983 ad
1158 943 1255 982 vena·

136 1026 251 1086 tionem
272 1025 471 1106 potissimum,
492 1026 550 1086 sed
564 1025 711 1086 advitam
728 1047 917 1088 communem
934 1039 1075 1110 spectare
1092 1028 1252 1088 arbitrere.

220 1133 270 1192 IX
294 1130 340 1211 (4)
369 1136 434 1195 Non
459 1137 540 1193 modo
569 1139 647 1193 suris
672 1139 781 1210 apertis
806 1139 859 1194 sed
881 1154 978 1210 paene
1005 1139 1120 1196 natibus
1142 1140 1255 1210 apertis

138 1241 296 1298 ambulans.

218 1347 254 1406 X
276 1344 318 1426 (5)
343 1350 410 1409 Cum
430 1354 516 1408 etiam
542 1352 629 1408 Thais
645 1350 803 1408 Menandri
825 1353 951 1408 tunicam
974 1350 1125 1408 demissam
1147 1349 1254 1407 habeat

137 1455 177 1535 ad
197 1457 296 1519 talos„
1102 1447 1106 1453 ’

118 1628 121 1634 4
223 1561 420 1623 continuavit
447 1565 526 1624 haec
557 1563 617 1623 duo
640 1564 797 1624 enuntiata
821 1559 1003 1622 Gulielmius
1025 1559 1058 1618 in
1078 1560 1252 1620 verisimili·

135 1666 191 1726 bus
216 1667 233 1726 I
256 1680 288 1730 15
315 1667 451 1748 (Gruteri
473 1673 579 1752 Lamp.
602 1672 653 1758 Ill
675 1692 705 1750 p.
730 1667 810 1746 269)1:
840 1665 921 1725 idem
948 1664 1030 1744 quod
1051 1669 1182 1725 ambulas
1202 1687 1251 1725 re·

134 1775 236 1853 ponit,
259 1794 320 1834 non
343 1796 475 1854 agnosco
498 1779 723 1839 necessitatem.
767 1773 885 1835 Nonius
903 1769 1063 1850 utrobique
1082 1780 1113 1830 et
1133 1794 1164 1852 p.
1188 1781 1250 1845 286,

136 1892 169 1946 18
192 1890 223 1942 et
243 1892 310 1958 535,
333 1893 366 1948 29
394 1889 519 1944 tunicam
548 1888 692 1945 dimissam
722 1892 753 1942 et
781 1903 811 1961 Ρ.
834 1891 895 1953 550,
918 1886 933 1942 7
955 1882 1061 1952 capillo
1080 1882 1196 1937 dimissa
1221 1880 1252 1937 in

134 1989 280 2050 Varronis
308 1990 376 2050 loco
398 1991 540 2071 praebet:
570 1992 716 2050 Horatius
739 1987 862 2069 quidem
882 1988 914 2044 in
933 1985 1043 2045 saturis
1063 1983 1080 2042 I
1101 1993 1137 2058 2,
1159 1994 1194 2048 99
1213 1989 1252 2043 ad

133 2100 326 2173 tolosarorum
348 2101 499 2158 demissam
518 2108 548 2158 et
563 2097 677 2158 ibidem
696 2118 726 2156 v.
748 2105 782 2158 25
801 2093 983 2154 Malthinum
1002 2096 1105 2152 tunicis
1122 2097 1254 2152 demissis

134 2201 290 2262 ambulare
309 2203 394 2264 dixit.
421 2204 567 2267 Varronis
588 2203 683 2265 verba
705 2201 744 2260 ad
755 2187 922 2260 'Menandri
944 2199 1089 2281 reliquias
1112 2199 1248 2281 adscrip-

133 2311 174 2369 sit
200 2309 372 2371 Mcinckius
399 2332 428 2391 p.
457 2319 501 2375 74.
544 2314 594 2372 Dc
616 2309 786 2371 tunicarum
808 2329 866 2368 usu
885 2309 924 2368 cf.
949 2306 1130 2388 Quintiliani
1149 2308 1201 2368 XI
1223 2317 1250 2380 3,

132 2426 199 2480 138:
230 2419 283 2476 Cui
304 2421 357 2476 lali
382 2422 457 2477 claci
483 2423 529 2477 ius
550 2423 696 2489 nouerit,
720 2423 761 2477 ila
783 2422 931 2494 alapatur,
954 2426 986 2475 ul
1008 2400 1251 2489 tunicue'priori-

132 2526 185 2582 bus
207 2529 266 2584 oris
292 2527 376 2600 infra
400 2543 495 2601 penua
518 2528 666 2601 paullum,
686 2521 896 2598 posterioribus
928 2528 967 2583 ad
993 2526 1099 2582 medios
1123 2524 1251 2596 poplites

132 2647 223 2704 usque
245 2635 428 2705 perveniant.
471 2652 539 2690 nam
566 2632 648 2706 infra
669 2634 819 2690 mulierum
841 2639 897 2702 est,
925 2649 1018 2707 supra
1040 2630 1248 2688 centurionum.

132 2738 306 2798 Demissam
327 2738 461 2798 tunicam
476 2738 542 2797 fere
556 2745 759 2800 matronarum
775 2758 843 2798 esse
857 2739 1003 2798 Horatius
1022 2735 1139 2796 iudicat
1153 2737 1186 2795 in
1202 2755 1248 2794 sa-

132 2845 206 2904 turis
231 2844 296 2921 12,
321 2855 369 2910 94:
400 2853 550 2906 matronae
567 2858 689 2923 praeter
713 2848 821 2922 faciem
848 2849 890 2904 nil
917 2863 1038 2905 cernere
1061 2848 1173 2919 possis,
1203 2859 1247 2902 ce-

132 2940 196 3007 tera
222 2996 229 3007 .
256 2997 262 3008 .
288 2954 411 3011 demissa
438 2962 514 3013 ueste
543 2961 670 3030 tepentis.
715 2953 793 3013 Inde
824 2951 1020 3011 mirabundus
1047 2952 1152 3011 nescio
1181 2954 1247 3034 quis

132 3054 215 3134 apud
236 3055 399 3119 Afranium
423 3058 514 3139 (Non.
537 3084 568 3142 Ρ.
590 3071 651 3135 541,
674 3071 716 3134 10,
738 3081 769 3142 p·
792 3070 844 3123 155
865 3056 1041 3138 Ribbeckii)
1066 3059 1248 3140 interrogat:

166 3151 169 3154 ’
282 3159 428 3226 Meretrix
448 3187 513 3227 cum
535 3177 610 3230 ceste
633 3170 736 3245 155Ραῖ
757 3199 800 3209 -
818 3167 976 3242 Pereprino
995 3163 1026 3224 in
1045 3170 1105 3226 loeo

190 3268 193 3274 ’
284 3273 382 3331 Sole'ut
403 3279 516 3335 tutandi
536 3278 627 3336 carisa
649 3291 711 3332 sese
733 3276 856 3332 sumere.
1019 3280 1022 3285 '

134 3391 138 3397 ·
214 3378 324 3461 Itaque
341 3381 468 3440 nuncin
483 3380 648 3441 finehuius
664 3388 785 3440 saturno
801 3376 941 3438 adscribo
956 3377 1033 3437 illud
1047 3378 1129 3439 unde
1146 3381 1247 3440 exorsi

130 3504 233 3544 sumus
257 3486 475 3565 fragmentum:

213 3591 262 3652 XI
290 3590 350 3673 (ll)
376 3596 479 3652 Funus
496 3598 661 3668 exsequiali
679 3595 758 3653 laute
780 3598 820 3653 ad
839 3598 1005 3670 sppulcrum
1030 3599 1148 3671 antiquo
1168 3611 1248 3655 more

127 3702 302 3758 silicernium
323 3700 508 3774 confecimus,
531 3703 563 3758 id
582 3707 624 3757 est
646 3697 851 3778 περίδειπνον,
873 3721 928 3778 quo
945 3707 1052 3778 pransi
1071 3705 1250 3762 discedentes

128 3808 248 3865 dicimus
270 3811 345 3866 alius
364 3811 428 3866 alii:
454 3807 552 3866 ‘cale'
942 3803 943 3808 ¹

213 3915 388 3990 Exsequiati
402 3913 511 3992 scripsi
525 3932 594 3972 cum
612 3913 744 3992 antiquis
764 3913 963 3976 editionibus:
984 3921 1163 3992 exsequialis
1177 3917 1247 3978 libri

127 4036 157 4096 p.
179 4026 222 4092 48,
246 4027 278 4082 8:
302 4020 384 4101 quod
403 4019 537 4080 Oehlero
557 4019 682 4098 placuit.
711 4024 789 4079 laute
808 4018 906 4101 Lipsii
920 4031 982 4083 est:
1003 4022 1134 4084 inlibris
1150 4029 1246 4084 laude.

127 4124 176 4182 De
199 4124 351 4186 silicernio
373 4127 415 4188 cf.
433 4129 545 4187 Festus
560 4147 590 4206 p.
608 4137 660 4191 294
673 4128 716 4189 M.
745 4126 782 4188 0.
809 4127 911 4188 Iahnii
931 4149 1039 4190 comm.
1058 4130 1092 4188 in
1104 4129 1245 4190 Persium

126 4250 158 4308 p.
178 4239 240 4295 tlt.

569 4336 785 4351 ·-.-—-——
