2760 4890
554 345 809 394 contremunt.
870 400 877 411 ,
1199 340 1239 401 99

122 505 293 583 tetigerim,
315 514 497 585 postremum
515 503 573 564 sibi
594 505 625 562 iu
641 505 698 563 bac
715 514 818 564 satura
834 507 933 565 locum
949 518 1131 586 exposcunt,
1150 529 1240 588 quam

120 610 276 688 incepisse
304 613 474 691 putaverim
503 610 542 668 ab
570 611 625 671 illa
654 610 692 670 de
720 612 836 670 musica
860 631 895 669 ac
915 612 1001 690 poesi
1024 611 1239 691 disputatione.

119 718 173 775 De
209 738 271 797 qua
296 716 429 777 dixerint
459 717 586 777 forsitan
619 716 774 775 nonnulli:
823 716 906 796 Quid
935 717 1022 776 uobis
1050 719 1165 795 negotii
1195 727 1241 777 est

120 842 191 881 eum
205 823 279 882 'istis
301 823 512 900 nugatoribus:
540 843 594 882 nos
620 822 705 880 iuvat
725 823 757 880 in
780 824 860 882 silva
881 824 985 900 vagari
1008 834 1158 883 venantes
1188 834 1240 883 aut

120 927 339 987 certaminibus
360 929 494 988 membra
516 930 656 1006 fatigare.
691 926 781 1005 Quae
802 927 950 1008 deiueeps
974 938 1104 1008 excepta
1126 928 1239 989 fuerint

119 1031 161 1090 ab
183 1033 251 1091 istis
270 1032 308 1091 de
322 1035 486 1094 venatione
505 1034 604 1114 deque
624 1036 722 1095 silvae
742 1012 898 1093 decisione
914 1053 951 1091 ac
972 1034 1137 1092 certamine
1155 1053 1239 1114 gym-

119 1137 239 1196 nastico
256 1139 406 1218 reliquiae
428 1139 479 1219 (fr.
505 1152 528 1202 l.
550 1148 575 1204 7.
599 1151 654 1204 3.2.
674 1139 706 1201 ’4.
730 1152 753 1201 5.
776 1151 800 1202 6.
826 1150 849 1202 9.
875 1140 915 1217 8).
950 1137 1237 1218 Adiicio·denique‚

118 1262 161 1301 ne
181 1243 276 1302 ullum
299 1243 388 1303 huius
410 1253 532 1304 saturae
555 1247 755 1324 fragmentum
776 1247 923 1306 intactum
943 1247 1149 1323 relinquatur,
1171 1245 1237 1322 pul·

119 1348 225 1407 chrum
247 1349 511 1428 Aristophauium‚
534 1372 625 1431 quem
644 1360 714 1430 post
736 1353 922 1411 Meinekium
950 1352 1063 1411 rectius
1084 1352 1238 1409 coustituit

119 1454 337 1515 Lachmannus
358 1456 396 1515 ad
416 1457 552 1517 Lucretii
578 1456 624 1517 ΙΙΙ
645 1467 711 1521 908:

206 1601 239 1654 13
261 1592 375 1651 Domitio
395 1598 470 1651 ocrs's
486 1596 602 1668 pectore
622 1611 708 1651 caros
728 1595 813 1650 cama
833 1600 963 1665 casteque
979 1583 1064 1665 poesi

119 1727 187 1786 sive
209 1747 265 1806 pro
287 1745 374 1786 caras
392 1729 491 1787 mavis
510 1733 614 1801 luctas,
638 1728 717 1808 quod
741 1738 787 1787 est
809 1727 890 1806 apud
908 1727 1040 1786 Nonium
1060 1747 1089 1805 p.
1111 1737 1171 1803 sat,
1195 1740 1236 1792 13.

120 1833 180 1893 Cui
202 1835 376 1894 sententiae
398 1833 473 1893 licet
493 1834 596 1913 aliquo
619 1834 707 1893 modo
727 1835 849 1893 Horatii
879 1853 985 1892 versus
1014 1844 1069 1897 sat.
1097 1835 1163 1907 12,
1187 1847 1238 1898 110

119 1941 277 2001 conferre:

271 2078 385 2136 Hamae
403 2081 546 2136 versiculis
568 2093 668 2148 speres
691 2080 737 2133 tibi
752 2093 837 2150 posse
855 2072 963 2134 dolores

250 2202 253 2207 ·
271 2186 359 2259 Atque
379 2192 472 2241 aestus
489 2201 628 2257 carasque
647 2188 773 2257 yronica
791 2192 903 2256 pectore
924 2186 998 2240 tolli?

119 2315 182 2377 Sed
207 2316 245 2377 de
268 2316 341 2376 sede
364 2338 400 2375 ac
422 2324 506 2376 nexu
529 2318 594 2377 cius
616 2317 777 2396 fragmenti
799 2316 875 2375 nihil
890 2316 1048 2394 probabile
1072 2320 1234 2396 exputavi:

114 2431 152 2483 ut
171 2424 233 2482 hac
254 2422 334 2481 omni
363 2422 401 2482 (le
422 2429 582 2480 Psnnsuour
604 2424 808 2503 disputatione
832 2423 929 2500 magis
956 2425 1074 2482 secrevi
1100 2424 1236 2483 diversas

118 2530 339 2587 sententiarum
367 2528 666 2606 comprehensiones,
699 2550 791 2609 quam
820 2530 882 2588 suis
907 2531 1103 2607 compa-gibus
1128 2532 1237 2590 luxata

118 2634 254 2694 membra
274 2655 378 2694 rursus
402 2643 544 2714 coaptare
566 2638 701 2715 contigit.
742 2636 800 2694 Oui
822 2636 973 2694 conamini
996 2656 1061 2694 curn
1084 2638 1151 2716 ipsa
1165 2636 1235 2695 reli-

118 2742 258 2822 quiarum
288 2741 426 2801 condicio
454 2751 516 2801 tum
543 2744 674 2802 maxime
701 2721 824 2822 prorsus
854 2743 982 2800 obscura
1003 2742 1076 2801 milri
1099 2743 1236 2821 inscripti

118 2849 250 2910 nominis
271 2851 348 2909 ratio
373 2848 486 2908 obfuit:
511 2869 580 2907 narn
604 2849 729 2909 Oelrleri
752 2858 936 2924 commento,
959 2850 1012 2929 qui
1037 2850 1235 2908 Parmenonis

117 2977 228 3016 nomeu
249 2955 369 3016 Graeco
384 2957 544 3035 proverbio
568 2938 601 3012 εὖ
619 2951 682 3030 μέν,
707 2943 771 3011 cill'
792 2947 880 3014 οὐδὲν
900 2944 974 3028 πρὸς
989 2944 1043 3031 τὴν
1062 2951 1234 3031 Παρμένον-

67 3073 73 3083 *
118 3044 168 3133 rog
184 3044 224 3119 ὗν
243 3062 394 3120 illustrare
417 3060 533 3135 studet,
556 3047 632 3120 nihil
656 3061 692 3120 ml
716 3063 794 3121 hane
814 3083 878 3121 rem
900 3063 1066 3141 proficitur.
