2760 4890
492 339 750 389 conmortuus.
1137 330 1177 388 75

62 496 284 576 prehendatur.
328 498 376 557 Ne
396 500 548 558 sententia
568 500 690 578 quidem
712 500 779 578 ipsa
799 508 829 557 et
853 498 956 571 verba,
979 510 1011 559 ut
1032 501 1086 560 ille
1109 520 1180 559 con-

63 602 171 675 stituit,
195 602 269 660 mihi
291 604 497 663 satisfaciunt:
520 605 607 665 velut
628 606 710 685 quod
734 603 947 684 philosophiae
969 627 1024 666 suo
1043 607 1180 685 periculo

64 718 159 770 artem
195 710 340 783 subiecit,
369 720 400 770 ct
429 710 531 769 elevat
559 732 679 770 sensum
707 713 877 789 scriptoris,
906 732 964 771 noc
995 713 1181 771 convenicus

65 816 120 875 arti
155 815 401 876 commalaxandi
434 816 576 889 verbum,
612 836 671 895 quo
699 818 782 893 rigor
809 818 1020 896 philosophiae
1050 820 1180 877 maxime

64 924 198 996 stoicae,
222 942 313 1002 quam
332 907 499 999 ddtripopov
519 922 800 995 illud-subindicat,
821 923 978 983 commodo
995 922 1179 1000 designatur.

65 1031 132 1091 Non
159 1029 261 1107 magis
288 1011 459 1087 sententiae
487 1048 666 1105 congruum,
696 1028 777 1107 quod
806 1028 911 1087 scribit
942 1046 994 1087 πη·
1022 1032 1061 1085 mi
1078 1031 1181 1103 frenos

64 1142 198 1213 imposuit
217 1138 371 1211 cupiditas,
394 1153 461 1192 cum
483 1136 636 1194 frenorum
658 1135 726 1193 loco
753 1134 885 1193 calcaria
906 1136 1006 1214 potius
1025 1146 1180 1214 expectes.

64 1246 130 1305 Hoc
155 1244 239 1305 enim
268 1240 343 1301 dicit
369 1240 436 1313 ille,
465 1241 602 1320 quisquis
632 1250 694 1314 est,
719 1261 809 1320 quem
837 1241 1030 1321 philosophia
1051 1261 1179 1299 comma-

64 1352 192 1423 lsxavit,
216 1370 275 1409 ncc
293 1349 359 1407 irae
378 1368 412 1407 se
433 1346 597 1408 indulsisse
619 1358 650 1407 et
670 1346 868 1425 cupiditatem
888 1349 1072 1408 refrenasse.
1117 1346 1179 1407 Sed

66 1459 143 1517 banc
171 1463 359 1535 postremam
378 1462 496 1533 partem
517 1455 686 1513 sententiae
708 1452 826 1531 pridem
847 1454 1048 1533 probabiliter
1063 1457 1180 1532 Poproa

66 1563 211 1623 restituit:
242 1578 334 1635 oeque
358 1563 433 1617 irato
462 1562 532 1617 inihi
548 1562 677 1616 hebenus
693 1564 760 1618 dedi
781 1580 931 1635 reorqrcom,
960 1578 1051 1634 oeque
1071 1565 1181 1634 cupidi·

66 1674 116 1727 toti
140 1688 200 1728 noa
223 1670 347 1742 imposui
370 1669 482 1740 sreaoc.
527 1664 565 1722 ln
591 1665 675 1723 initio
705 1667 851 1725 enrrntiati
877 1671 976 1725 ‹lolorc
1003 1687 1063 1725 uon
1089 1688 1180 1746 posse

67 1796 170 1837 verum
192 1796 272 1847 csse,
294 1773 366 1832 elim
385 1780 580 1851 perspectum
602 1780 666 1831 est:
696 1772 768 1831 licct
790 1773 968 1845 addubites,
995 1783 1093 1831 utrum
1114 1794 1181 1832 com

67 1883 152 1941 lunio
174 1885 302 1941 dolorem
327 1900 367 1939 an
387 1898 455 1937 cum
471 1878 609 1937 Mercero
630 1879 763 1955 corrigas
785 1885 890 1939 dolere.
921 1881 1010 1939 llaec
1032 1901 1105 1939 vcro
1129 1899 1181 1940 nec

67 1992 191 2049 dobrem
219 1988 378 2061 odiasuroo
403 2002 464 2044 esse
489 2005 550 2043 non
571 1984 675 2044 dubito
696 1987 767 2065 quin
789 1986 828 2044 ad
851 1987 993 2045 arrrissam
1016 1988 1181 2067 superioris

68 2094 239 2155 sententiae
264 2101 383 2172 partem
408 2091 590 2170 pertineant.
635 2092 713 2150 Nam
741 2093 823 2172 quod
849 2092 1000 2152 t‘lelrlerus
1030 2095 1061 2152 iu
1092 2095 1181 2153 unius

69 2198 346 2279 comprehensionis
371 2197 515 2257 ambitum
542 2205 665 2277 coaptat
693 2198 786 2258 haec:
820 2217 872 2257 oco
895 2203 992 2257 dolore
1013 2188 1181 2275 ἀδιάφορον

68 2323 140 2375 esse,
168 2310 248 2381 quod
266 2307 449 2379 philosophia
474 2300 529 2380 (sc.
554 2303 686 2381 statuit),
709 2308 954 2364 commolosorcm
977 2309 1006 2362 io
1028 2322 1090 2361 citro
1111 2324 1181 2377 par-

68 2422 135 2484 tera,
164 2411 309 2493 quodque
331 2411 468 2471 Kochius
497 2411 619 2470 incaute
646 2411 727 2470 illius
750 2411 964 2471 emendatione
984 2412 1067 2471 nisus
1091 2431 1180 2470 exco-

68 2518 185 2595 gitavit,
206 2536 261 2577 occ
282 2521 378 2577 dolere
401 2503 567 2591 ἀδιάφορον
589 2534 660 2585 csse,
684 2520 744 2589 quit
762 2521 945 2592 philosophis
966 2522 1183 2577 commalooeure

68 2644 108 2685 nt
127 2628 159 2685 in
179 2644 245 2685 eom
259 2634 391 2700 portem,
420 2620 620 2702 improbabile
642 2631 812 2701 utrumque.
855 2623 952 2683 Immo
975 2623 1013 2683 ab
1035 2624 1081 2683 his
1105 2630 1182 2700 quod

65 2734 246 2806 pbilosophis
273 2749 383 2789 novum
411 2728 519 2806 incipit
540 2729 745 2799 enuntiatum,
773 2726 854 2806 quod
879 2747 935 2804 ogo
960 2731 1084 2809 propius
1106 2752 1125 2788 a
1147 2731 1181 2789 li-

68 2835 186 2896 brorum
221 2836 367 2895 memoria
400 2836 443 2894 ita
471 2834 682 2911 corrigendum
710 2832 854 2893 arbitror:
898 2841 974 2909 quod
998 2840 1183 2911 philosophie

68 2946 306 3001 cenodoxorum
325 2960 368 3001 me
387 2944 530 3016 apotheos,
553 2958 644 3014 neque
666 2945 741 3000 irato
763 2943 832 2998 mibi
851 2962 877 3000 c.
897 2963 926 3021 q.
944 2963 969 3001 s.
997 2943 1079 3003 lllud
1101 2945 1181 3024 quod
1284 2929 1289 2939 ’

69 3046 167 3106 scribo
186 3052 428 3107 coumalootorum
450 3067 549 3106 meum
571 3056 632 3106 est:
661 3047 781 3127 reliqua
801 3066 845 3105 otc
868 3053 1001 3122 ‹rputbsm
1024 3051 1182 3130 praeclare

69 3150 184 3231 Popma
212 3154 354 3213 restituit.
398 3155 508 3233 ltaque
536 3155 663 3230 emergit
692 3173 771 3213 nunc
801 3153 878 3212 hacc
906 3155 998 3214 totius
1020 3156 1182 3233 fragmenti

69 3259 201 3338 species:
225 3277 338 3317 —uec
360 3264 485 3318 dolorem
508 3262 668 3334 ocliofuroo
690 3278 760 3318 esse.
805 3265 882 3334 quod
905 3263 1089 3334 philosophia
1116 3282 1181 3319 soo-

69 3370 252 3424 molaxoram
274 3382 318 3421 me
339 3367 482 3451 cepaticum,
507 3386 598 3442 aequo
619 3373 695 3427 irato
718 3370 787 3423 otili
806 3369 933 3425 bobertus
952 3371 1018 3426 dedi
1038 3389 1181 3442 umquam,

68 3490 157 3548 aeque
177 3451 331 3547 cupiditati
351 3490 407 3528 troo
429 3474 545 3547 inposui
563 3475 673 3548 frenos.
722 3474 759 3531 In
779 3472 886 3552 quibus
906 3474 1009 3532 nescio
1031 3496 1068 3533 an
1087 3476 1181 3534 acrio-

68 3600 115 3639 res
140 3598 233 3638 aures
261 3596 451 3637 numerorum
483 3578 556 3657 quid
578 3580 815 3657 persentiscam:
848 3601 896 3639 rue
919 3582 1017 3639 fatcor
1044 3581 1118 3640 nihil
1141 3582 1182 3641 ibi

68 3685 124 3744 nisi
151 3681 279 3764 probam
306 3684 476 3743 orationem
501 3684 675 3764 pedestrem
698 3666 875 3761 agnoscere.
920 3686 962 3746 Ut
985 3686 1044 3744 iam
1065 3686 1183 3747 nullum

68 3792 105 3850 sit
132 3811 150 3851 e
179 3808 236 3851 sex
264 3789 327 3848 eius
364 3774 486 3849 saturae
518 3791 696 3868 fragmentis
733 3790 814 3870 quod
854 3793 942 3851 metri
975 3793 1109 3871 speciem
1137 3795 1180 3853 al·

67 3899 156 3958 ferat.
207 3895 300 3976 Quod
327 3904 429 3957 tamen
460 3896 630 3957 cavendum
660 3906 707 3956 est
732 3918 772 3957 ne
801 3899 867 3977 quis
893 3898 1030 3978 cupidius
1058 3901 1089 3959 in
1115 3878 1182 3961 eam

68 4003 250 4063 sententiam
281 4001 511 4082 interpretetur,
549 4005 669 4063 omniuo
707 4004 744 4064 ab
774 4003 832 4063 hac
858 4013 962 4063 satura
984 4004 1055 4065 olim
1075 4028 1182 4066 versus

67 4110 162 4169 luisse
187 4107 344 4169 exclusos:
380 4130 561 4191 quamquam
589 4132 628 4170 ne
656 4111 714 4169 hoc
743 4110 867 4190 quidem
893 4131 1035 4190 umquam
1066 4113 1181 4170 factum

67 4234 136 4275 esse
163 4215 233 4294 quis
261 4214 435 4293 praefracte
457 4218 571 4293 neget?
614 4217 728 4275 Nescio
750 4239 789 4277 an
810 4218 886 4278 illud
906 4219 997 4276 otiam
1019 4217 1182 4276 admonere

28 4384 32 4391 ,
68 4318 214 4393 debeam,
243 4324 483 4381 coramalooeoram
510 4339 554 4380 me
586 4326 719 4397 [spoliem
743 4332 888 4385 consucta
908 4324 1059 4405 prolepsi,
1093 4343 1182 4403 quam
