2760 4890
485 339 745 391 corrueremus.
1129 324 1170 383 45

49 520 111 561 aaa
136 504 322 572 maledicere,
339 492 443 575 petam
464 504 494 558 ia
516 501 615 574 focum
636 503 853 572 nonJinpoaere,
876 499 1048 571 sacrificari,
1070 498 1100 554 iri
1113 513 1170 569 pa·

49 611 150 666 tetiam
169 592 371 687 dare'prapo'v
393 602 488 685 apiae.
520 606 664 667 Oeternm
686 604 725 664 cf.
749 603 788 663 de
810 602 857 661 his
875 602 1048 682 praeceptis
1069 601 1170 661 Krah-

50 714 121 773 neri
146 712 294 775 Varronis
323 712 415 772 Ourio
437 733 467 793 p.
491 721 532 774 m.
576 711 653 771 Sunt
678 711 740 770 alia
771 708 853 790 apud
880 703 1028 782 No'nium,
1054 710 1086 768 in
1105 710 1170 790 qui·

49 817 109 877 bns
134 816 265 877 eandem
284 815 463 877 lacunarum
489 819 636 877 rationem
660 826 801 878 constare
826 818 968 889 coniioio,
991 835 1071 897 quae
1090 835 1171 875 nnnc

51 925 172 983 mitto·
199 1006 202 1010 ¹

139 1032 257 1092 Versus
279 1031 441 1110 septimum
459 1039 491 1090 et
513 1038 663 1104 octavum,
695 1032 724 1090 h.
749 1051 776 1090 e.
799 1038 917 1110 partem
939 1030 1067 1089 alteram
1089 1029 1171 1105 frag·

51 1137 150 1197 menti
174 1134 264 1217 prinfi
288 1136 406 1196 Nonius
431 1138 553 1196 mutilos
579 1139 680 1216 potins
703 1158 794 1219 qnam
817 1145 973 1216 corruptos
997 1135 1103 1195 tradit:
1132 1139 1176 1195 ri.

51 1256 119 1305 ctas
137 1247 331 1319 parcissimae
361 1249 393 1300 ut
419 1240 581 1318 refrenato
598 1249 659 1303 risa
685 1263 776 1305 roseo.
821 1244 859 1303 In
883 1232 996 1324 ¹quibus
1024 1241 1098 1323 quid
1119 1241 1172 1300 alii

52 1343 274 1429 temptaverint
286 1367 347 1407 non
365 1360 450 1409 c'uro:
474 1352 623 1430 Scaliger,
637 1353 722 1411 ouius
736 1352 957 1411 restitutionem
972 1368 1064 1428 supra
1078 1349 1171 1427 scrip·

53 1458 99 1529 si,
128 1457 240 1536 prioris
268 1476 376 1515 vorsus
402 1457 609 1535 integritatem
635 1458 828 1537 recuperavit
854 1456 1026 1533 eleganter,
1056 1455 1112 1514 sed
1139 1463 1174 1514 ut

53 1561 150 1623 facile
173 1563 314 1621 vincatur
333 1561 373 1621 ab
390 1582 436 1635 eo,
460 1564 512 1644 qni
534 1564 680 1624 leniorem
702 1563 853 1623 medelam
876 1564 998 1622 afferat:

209 1670 246 1725 At
265 1672 357 1727 rictas
379 1673 439 1726 oris
458 1664 576 1729 candidi
594 1676 785 1745 parvissimae

215 1775 251 1831 Ut
267 1775 418 1848 refrenato
442 1780 505 1835 risa
527 1794 609 1836 roseo
637 1774 652 1811 *
934 1839 939 1850 ,
1097 1844 1102 1853 ,

55 1880 104 1941 Ac
128 1880 289 1958 Roeperus
320 1879 353 1939 in
380 1901 416 1940 eo
442 1881 629 1962 probabilius
658 1883 816 1960 Scaligero
844 1883 920 1959 egit,
950 1880 1033 1961 quod
1053 1901 1174 1940 versum

56 1988 88 2046 in
108 1986 214 2059 initio,
247 1988 360 2047 nonin
381 1989 497 2064 medio,
520 1988 688 2068 supplevit:
716 1997 750 2047 ut
771 1990 890 2048 Nonius
912 2009 973 2047 nna
997 2007 1063 2046 cnm
1085 2008 1173 2067 snpe-

57 2078 188 2153 rioribus
213 2093 354 2153 versibus
379 2094 467 2154 huius
488 2115 581 2155 voces
603 2097 720 2174 priores
742 2096 890 2163 omiserit:
917 2083 1100 2175 quamquam
1121 2094 1173 2154 ad·

58 2200 259 2260 ‹litamentum
285 2200 420 2280 Rneperi
444 2205 542 2260 eleates
573 2206 729 2261 candentes
761 2221 822 2259 non
852 2200 1027 2258 affirmarim
1054 2221 1176 2260 manum

57 2307 205 2367 Varronis
234 2307 359 2367 referre.
404 2308 480 2367 Mihi
509 2308 675 2383 consultius
708 2309 806 2366 visum
832 2314 882 2364 est
906 2307 1051 2365 intactam
1083 2306 1177 2366 Nonii

58 2413 236 2473 memoriam
256 2415 439 2495 relinquere,
463 2417 507 2475 sic
530 2416 592 2475 suis
614 2414 753 2476 versibus
777 2410 981 2473 distributam:

232 2498 239 2507 Ι
508 2526 599 2581 rictus
614 2523 809 2597 parvissimas

216 2632 252 2689 Ut
270 2629 422 2702 re'frcaato
443 2629 506 2687 risa
528 2646 610 2687 roseo

140 2736 194 2795 Fr.
210 2734 262 2795 111
279 2735 397 2794 Nonius
418 2755 449 2814 p.
466 2745 523 2808 lat,
542 2736 577 2797 '22
598 2734 718 2794 scribit:
740 2740 816 2794 scilta
834 2739 1074 2805 -demonstrat,
1095 2734 1176 2794 unde

62 2841 130 2901 olim
159 2850 330 2902 correctum
362 2849 409 2900 est
430 2845 524 2915 cipitia
544 2873 587 2885 —-
608 2846 813 2902 dentonstraat.
844 2843 989 2903 -Videtur
1008 2841 1046 2900 de
1067 2842 1177 2901 lacuna

62 2951 91 3008 in
111 2958 216 3011 mento
235 2949 311 3009 dici:
334 2955 367 3005 ut
388 2946 559 3027 Appuleius
575 2947 811 3009 FloridorumII
832 2961 863 3013 15
879 2955 980 3008 cervia
999 2955 1063 3008 saci
1078 2955 1177 3023 piena

62 3059 152 3114 malae
165 3058 278 3125 uterer,
300 3070 392 3131 penae
404 3062 508 3113 teretes
521 3073 556 3113 ac
569 3059 659 3113 medio
673 3066 766 3115 mento
778 3060 893 3127 lacuna,
913 3065 943 3117 et
959 3055 1088 3116 Ovidius
1105 3059 1179 3116 artis

53 3150 229 3223 'amatoriae
252 3161 304 3221 ΠΙ
329 3169 397 3223 283:
440 3162 503 3218 Sint
524 3165 628 3221 modici
654 3167 747 3221 rictas
770 3181 940 3238 parvaeque
971 3169 1114 3239 utrimque
1136 3169 1178 3224 la-

64 3289 160 3329 cunae.
207 3268 272 3331 sod
289 3270 383 3343 sicilia
406 3269 518 3348 quiea
539 3270 663 3329 notione
687 3269 812 3343 dixerit,
846 3274 965 3332 nescio:
998 3291 1055 3331 nec
1077 3271 1180 3350 placet

65 3376 205 3455 pluralis,
230 3378 280 3438 cui
300 3396 340 3436 ne
362 3375 449 3435 iavet
473 3375 595 3455 quidem
618 3383 796 3439 demonstrat
817 3372 976 3458 scriptura,
998 3387 1032 3437 ut
1049 3378 1181 3437 fortasse
1269 3365 1273 3373 ’

67 3483 145 3545 aliud
168 3485 200 3544 in
222 3483 276 3543 illo
299 3486 375 3542 sulla
395 3481 503 3541 lateat.

144 3592 290 3672 Denique
322 3586 428 3646 ultimo
461 3590 563 3649 versui
592 3590 678 3651 labes
706 3592 861 3665 inhaeret,
889 3612 981 3673 qnam
1008 3589 1181 3663 nemodnm,

68 3707 212 3779 utputo,
244 3706 328 3758 recte
360 3697 500 3757 removit.
544 3697 655 3756 Tradit
681 3700 761 3758 enim
788 3700 906 3758 Nonius
934 3701 978 3758 ita
1004 3721 1033 3779 p.
1057 3709 1123 3771 539,
1149 3708 1182 3760 m

68 3804 201 3881 ‘cecilia'
230 3807 315 3863 vestis
340 3808 504 3864 diminutive
525 3825 544 3864 a
568 3809 763 3881 rapinulam,
791 3816 823 3865 at
844 3817 872 3866 et
893 3810 1027 3867 vasitica:
1056 3805 1114 3863 ‘aa
1137 3822 1182 3865 re-

69 3917 158 3985 aaa
172 3915 330 3972 tuniculam
344 3917 472 3971 indutam
487 3932 526 3971 aa
540 3904 750 3972 mendicalam?
777 3917 870 3973 Varro
880 3919 918 3973 -Ρ,
935 3917 1182 3973 ‘collam—mar-

72 4036 156 4090 more,
189 4022 321 4093 repellam
353 4025 479 4079 tunicam
518 4023 683 4097 diffiayitar
706 4024 868 4096 purpura)
921 4022 1059 4102 Apposui
1087 4030 1183 4079 totum

72 4120 177 4184 lemma
195 4126 380 4200 Nonianum,
402 4129 434 4188 in
455 4147 516 4208 quo
539 4130 619 4201 insit,
643 4129 725 4209 quod
746 4130 893 4190 adiuvare
915 4149 1014 4190 meam
1035 4127 1181 4207 opinatio·

74 4247 135 4289 nem
157 4232 306 4293 videatur.
351 4235 429 4295 Puto
450 4237 530 4293 enim
548 4236 719 4295 Varronem
742 4238 915 4316 scripsisse:

216 4340 359 4417 Raciliam
372 4342 537 4402 tunicatam
559 4344 706 4418 distinguit
724 4347 872 4419 pirpara.
