2760 4890
554 329 810 377 CONlEGTANEA.

288 490 431 548 Ve'aabulo
454 497 504 546 aut
524 491 625 547 cer-ads
647 492 698 548 titt
718 493 768 563 qut
787 488 830 545 m't
849 491 918 547 mali
936 488 1081 561 fecdruat.

130 645 312 704 quamquam
339 623 390 683 vel
416 644 454 683 ea
478 624 644 683 mutatione
670 624 744 682 licet
769 623 899 681 fortasse
924 623 1047 702 impune
1076 621 1238 681 abstinere.

131 730 218 808 Quae
242 738 408 809 sequuntur
436 731 489 800 alt,
521 738 612 788 artem
636 733 824 802 praeclaram
852 748 889 787 ea
915 748 976 786 non
1000 727 1141 787 videntur
1169 748 1239 787 con·

129 839 214 896 clusa
241 857 333 898 versu
358 837 469 895 fuisse:
507 836 557 894 De
583 835 735 894 sententia
761 833 838 893 illud
867 833 962 907 addo,
994 854 1055 893 non
1078 843 1193 895 temere
1222 856 1240 894 a

128 945 267 1002 Varrone
287 941 479 1001 immodicum
500 940 634 1000 venandi
656 939 788 1000 studium
811 941 910 1019 carpi,
944 938 1026 1019 quod
1046 940 1127 999 idem
1148 961 1240 1021 pecu-

128 1047 196 1105 lian'
225 1056 344 1119 satura,
376 1049 423 1107 cui
448 1048 673 1125 Meleagrorum
699 1066 810 1104 nomen
837 1047 992 1125 praefixit,
1020 1045 1124 1105 dedita
1149 1067 1242 1126 opera

129 1155 321 1232 perstrinxit:
346 1155 430 1213 cuius
451 1162 572 1213 saturae
593 1153 748 1232 reliquias,
771 1170 810 1211 ne
826 1170 906 1209 nunc
921 1152 1009 1210 nimis
1028 1151 1241 1232 disputationis

129 1269 216 1319 tonor
235 1261 486 1338 interrumpatur,
509 1259 589 1318 infra
609 1258 778 1318 illustrabo.

214 1367 369 1444 Deinceps
393 1365 541 1436 musicus,
571 1385 629 1444 quo
651 1384 736 1424 suam
758 1372 854 1422 artem
876 1385 894 1422 a
917 1371 1091 1443 contemptu
1115 1364 1242 1422 aliorum

130 1472 280 1545 vindicet,
310 1473 481 1531 accuratius
503 1471 567 1529 eius
591 1472 663 1529 artis
685 1471 902 1550 praestantiam
927 1478 957 1528 et
978 1469 1111 1528 indolem
1134 1489 1241 1548 expro-

130 1600 211 1640 mere
233 1581 350 1659 incipit.
395 1579 436 1639 Se
457 1597 523 1638 eam
542 1577 676 1657 profiteri
699 1585 809 1647 artem,
834 1594 913 1654 quae
933 1595 972 1634 ne
994 1574 1031 1633 ab
1055 1573 1101 1633 dis
1120 1574 1241 1653 quidem

130 1687 231 1746 aliena
255 1688 308 1745 sit:

214 1823 262 1881 XI
279 1820 337 1899 (18)
383 1822 475 1890 Quam
496 1821 623 1876 mobilem
645 1821 740 1876 diut'tm
761 1821 856 1892 lyram
878 1821 921 1876 sol
941 1817 1077 1892 ltdrmope

381 1925 511 2017 Quuddm
534 1928 700 1998 puheraaas
718 1928 839 1984 mo'tt‘hus
861 1926 916 1982 dits
935 1933 1021 1998 repet.

128 2066 170 2121 Et
194 2083 253 2141 quo
283 2061 451 2120 efficaciam
480 2060 615 2119 musicae
642 2069 704 2119 tam
731 2062 763 2119 in
784 2061 938 2119 hominum
961 2061 1077 2119 animos
1099 2077 1188 2135 qnam
1211 2059 1242 2116 in

129 2170 235 2228 brutas
255 2168 401 2240 illustret,
424 2167 541 2240 nescis,
565 2168 621 2240 ait,

178 2327 184 2337 ·
214 2304 280 2362 XII
296 2301 338 2381 (2)
383 2320 470 2375 saepe
497 2306 582 2360 totius
606 2304 714 2361 theatri
741 2306 815 2361 titiis
839 2305 941 2360 crebro
960 2279 1100 2376 flectendo
1119 2321 1252 2386 roarmuj

299 2419 362 2467 tare
385 2418 504 2479 menter,
526 2411 602 2484 sript
621 2413 731 2466 animos
750 2417 868 2467 eorum?

131 2552 161 2604 ct
184 2545 289 2604 adiicit
309 2545 385 2604 illis:

214 2681 297 2739 XIII
314 2678 356 2757 (7)
401 2683 466 2738 Noa
492 2684 586 2738 uidisti
613 2683 800 2738 simulacrum
825 2682 914 2737 leonis
942 2683 980 2737 ad
1004 2681 1087 2737 Idam
1115 2697 1147 2736 eo
1174 2684 1243 2749 laco,

299 2790 348 2844 uhi
371 2790 529 2861 quondam,
564 2790 655 2845 subito
682 2804 745 2845 eum
772 2805 836 2843 cum
865 2789 999 2844 uidissent
1028 2791 1242 2860 quadrupedem

302 2896 390 2964 Gatt’,
419 2896 563 2968 tympanis
585 2896 656 2951 redeo
684 2895 819 2966 feceruut
841 2911 1003 2968 mansuem,
1032 2903 1244 2953 attrectarent

298 3004 449 3059 munibus?

130 3135 181 3196 Sic
205 3134 357 3209 ordinavi,
387 3138 455 3216 ipsa
477 3133 626 3196 suadente
649 3134 817 3206 sententia,
847 3133 924 3193 haec
945 3134 1140 3211 fragmentar
1170 3157 1242 3216 qno-

130 3263 195 3301 rum
218 3244 346 3320 primurn
367 3243 466 3301 visum
489 3251 536 3301 cst
556 3240 630 3298 mihi
650 3239 840 3298 nobilitat-am
864 3260 882 3297 a
903 3241 1108 3318 Pythagoreis
1133 3243 1242 3322 sphae-

129 3368 230 3407 rarum
250 3349 437 3407 harmoniam
456 3347 582 3406 referrc.
627 3348 668 3404 Et
689 3346 814 3404 elatiore
836 3346 968 3424 quodam
989 3346 1111 3407 dicendi
1130 3366 1243 3423 genere

128 3455 160 3511 in
184 3454 243 3512 hac
269 3455 396 3512 materia
422 3473 509 3511 usum
538 3471 606 3510 esso
634 3453 803 3511 Varronem
832 3453 906 3530 ipsi,
942 3455 993 3531 qui
1019 3450 1135 3511 residui
1163 3460 1242 3526 sunt,

129 3560 274 3618 versiculi
294 3559 441 3638 produnt,
466 3558 517 3636 qui
539 3566 573 3615 ut
589 3558 743 3616 sufficiunt
759 3559 825 3616 fere
844 3556 884 3615 ad
902 3556 1125 3616 informandum
1144 3560 1242 3617 animo

130 3666 301 3724 sententiae
318 3666 464 3736 colorem,
487 3664 530 3721 ita
547 3664 639 3723 valde
658 3663 842 3723 desiderium
859 3661 1083 3740 deperditarum
1099 3667 1242 3725 excitant.

129 3771 214 3846 Ergo
237 3769 379 3829 mobilem
401 3770 526 3829 deorum
544 3770 656 3850 lyram,
687 3788 767 3848 quae
789 3789 807 3827 a
828 3770 894 3828 sole
917 3764 1116 3847 gubernetur,
1149 3772 1241 3830 auda·

130 3875 200 3933 cula
219 3873 397 3962 metaphora
417 3877 515 3936 Varro
539 3888 698 3952 corporum
718 3856 896 3934 caelestium
922 3875 1133 3952 orbem'dicit,
1163 3900 1242 3958 quae
1287 3929 1293 3940 .

129 3981 286 4058 perpetuis
314 3981 443 4040 motibus
472 3982 659 4040 harmoniam
689 3980 832 4040 efficiant.
883 3982 926 4042 Ut
952 4003 1043 4060 aegre
1071 4004 1151 4042 nunc
1181 3987 1242 4042 cui·

130 4106 222 4164 quam
242 4085 367 4146 Oehlen'
387 4088 549 4165 explicatio
568 4086 729 4166 probetur,
755 4088 806 4166 qui
824 4086 955 4148 ‘mobilis
973 4089 1065 4169 lyra’,
1095 4090 1152 4161 ait,
1179 4087 1243 4146 ‘aut

131 4193 259 4267 dicitur,
290 4195 361 4273 quia
387 4194 472 4252 facili
499 4202 631 4253 tractatu
654 4201 714 4267 est,
743 4202 795 4252 aut
822 4196 894 4274 quia
922 4194 961 4253 ad
989 4194 1107 4253 flebiles
1135 4193 1261 4253 modosv

129 4301 244 4378 pariter
279 4320 369 4379 quam
405 4295 444 4354 ad
477 4298 589 4360 hilares
623 4309 653 4359 et
682 4300 829 4358 iucundos
862 4308 971 4378 parata
1006 4308 1036 4358 ct
1069 4308 1139 4376 apta
1172 4299 1241 4357 eet'
