2760 4890
357 361 361 370 ¹
546 305 803 374 courneranun.
1173 301 1229 364 161

114 469 195 523 domi
213 473 298 523 tuae?
333 467 360 522 si
380 482 450 524 uasa
470 465 559 523 babes
577 474 708 539 pertusa,
723 470 871 541 plumbum
891 488 947 527 non
962 471 1070 528 babes?
1092 473 1232 546 adquam

114 587 177 628 rem
199 573 280 628 nobis
298 579 341 628 est
362 574 554 645 confluvium?
585 575 624 631 ad
644 591 730 646 qaam
752 590 812 631 rem
834 580 1007 634 armarium?

200 705 284 766 XIX
307 703 367 784 (17)
396 708 433 764 In
457 710 621 780 pavimento
648 727 705 767 non
732 713 823 769 audes
845 713 948 786 faeere
976 717 1121 784 latonam,
1151 722 1181 773 at
1203 718 1233 773 in

113 814 204 873 bama
223 817 336 872 calceos
353 815 432 887 facis
454 817 555 872 elixos.

201 933 268 993 XX
289 928 349 1010 (18)
373 934 492 1007 Antiqui
512 937 604 991 nostri
623 937 653 991 in
674 938 803 992 domibus
822 941 959 995 latericiis
976 941 1129 1010 paululum
1151 944 1233 999 modo

111 1041 258 1113 lapidibus
274 1040 460 1112 suffundatis,
484 1048 514 1097 ut
536 1058 663 1099 umorem
686 1044 866 1117 essuperent,
890 1045 1064 1101 babitabant.

199 1156 283 1218 XXI
306 1155 365 1235 (21)
397 1160 461 1216 Non
481 1161 559 1216 uides
577 1163 606 1216 in
628 1164 740 1235 mapnis
759 1164 997 1235 peristylis,·qui
1018 1173 1138 1235 cryptas
1157 1168 1235 1223 domi

113 1284 172 1324 non
191 1266 311 1334 babent,
340 1267 470 1322 sabulum
493 1268 589 1323 iacere
612 1266 764 1340 aporiato
786 1271 985 1342 satagistis,
1014 1271 1063 1326 ubi
1083 1272 1233 1339 ambulare

109 1373 249 1443 possint?

199 1488 300 1549 XXII
320 1485 381 1566 (bo)
407 1490 471 1547 Non
494 1492 572 1548 vides
593 1493 623 1549 in
640 1495 758 1564 publiea
781 1501 862 1552 noete
884 1496 1034 1563 tabernas,
1063 1513 1120 1569 qua
1137 1514 1231 1570 popu·

111 1599 159 1653 las
182 1597 354 1653 ambulando
370 1599 496 1669 proinde
518 1603 550 1653 ut
571 1598 600 1653 in
621 1605 705 1654 arato
723 1616 832 1671 pareas
854 1604 965 1659 reddit?

113 1729 266 1790 Ordinavi
290 1729 345 1790 illa
373 1729 450 1790 duee
472 1730 629 1809 scaligero
656 1733 687 1791 in
716 1734 921 1798 eonieetaneis
943 1757 972 1816 p.
994 1744 1029 1800 54
1052 1757 1112 1816 sq,
1142 1758 1232 1818 quem

113 1837 266 1899 Oshlerus
289 1857 372 1896 more
395 1857 449 1897 suo
472 1839 598 1917 sprevit.
643 1839 719 1899 Tria
738 1841 840 1919 priora
863 1844 978 1924 antiqui
1001 1846 1144 1924 temporis
1165 1846 1231 1905 lau·

113 1943 215 2003 datori
237 1944 382 2018 attribuo,
407 1946 459 2024 qui
481 1945 617 2005 novieias
641 1947 871 2007 artificiosorum
891 1949 1133 2026 pavimentorum
1156 1950 1231 2010 deli·

113 2052 179 2110 ciae
211 2052 385 2111 contemnit.
404 2038 407 2042 ¹
429 2053 549 2132 Nempe
578 2051 750 2111 vindicarat
781 2052 834 2111 ille
860 2055 963 2113 neseio
995 2055 1064 2136 quis
1093 2057 1230 2133 magnifi-

113 2157 259 2217 centioris
288 2166 456 2219 structurae
485 2167 600 2218 amator
625 2177 774 2216 marmore
803 2168 965 2218 stratorum
987 2161 1231 2239 pavimentorum

111 2283 202 2323 usum
221 2263 354 2326 humoris
374 2266 538 2355 effugiendi
556 2266 685 2324 ratione.
719 2263 776 2322 Oui
791 2265 841 2324 hie
858 2266 895 2325 fr.
912 2266 1026 2326 XVIII
1041 2267 1148 2343 reiicit,
1164 2269 1230 2328 nul-

111 2371 177 2431 lam
197 2389 267 2431 esse
287 2372 504 2432 necessitatem
514 2374 547 2432 in
561 2373 684 2431 humum
697 2370 872 2430 effundendi
887 2393 1011 2452 aquam:
1036 2375 1064 2433 ei
1076 2376 1143 2434 usui
1160 2397 1230 2436 eon·
1334 2448 1337 2453 Ι

110 2477 239 2538 fluvium
260 2478 409 2539 inservire
428 2488 458 2540 et
478 2481 641 2539 urnarium.
682 2478 770 2557 Quae
793 2497 860 2536 eum
881 2479 1011 2539 maxime
1035 2482 1153 2542 culinae
1176 2483 1230 2543 ad·

111 2591 267 2657 moneant,
290 2592 393 2645 tamen
413 2585 467 2645 illa
486 2587 530 2645 ita
552 2586 613 2647 diei
631 2585 783 2659 videntur,
805 2574 839 2643 ut
854 2593 979 2663 propter
995 2587 1152 2649 humorem
1168 2612 1230 2651 om·

111 2689 185 2749 nino
217 2685 334 2750 nullam
367 2712 435 2752 esse
467 2693 708 2753 lithostrotorum
739 2692 982 2773 pavimentorum
1014 2699 1231 2760 necessitatem

112 2793 291 2857 affirmetur.
321 2798 360 2857 Id
383 2799 465 2879 quod
487 2800 583 2877 magis
606 2799 698 2859 etiam
715 2797 752 2857 fr.
773 2798 856 2858 XIX
877 2809 1015 2878 apparet,
1038 2803 1069 2861 in
1086 2824 1145 2883 quo
1163 2824 1231 2865 eum

112 2899 261 2962 urbanam
283 2904 411 2964 ironiam
425 2927 487 2966 non
501 2905 697 2966 adverterent
714 2913 914 2979 enarratores,
935 2927 996 2965 non
1011 2912 1144 2970 assecuti
1161 2919 1231 2971 sunt

112 3009 307 3068 sententiam.
352 3013 502 3072 Nimirum
528 3013 587 3072 hoe
609 3012 683 3071 dieit
707 3012 823 3091 antiqui
845 3012 936 3071 moris
956 3013 1084 3074 vindex:
1121 3017 1231 3096 quodsi

111 3121 167 3174 tua
187 3114 243 3174 illa
253 3119 438 3194 ⁸pavimenta
458 3118 591 3178 humoris
615 3117 780 3195 effugiendi
796 3137 889 3177 eausa
908 3119 1051 3194 instituis,
1075 3121 1169 3182 debes
1185 3123 1229 3182 lu-

113 3241 223 3281 cunam
249 3223 281 3282 in
302 3225 477 3303 pavimento
500 3226 620 3297 faeere,
653 3224 797 3303 iuquam
820 3223 933 3284 defluat
956 3246 1037 3307 aqua
1060 3227 1170 3287 effusa:
1198 3229 1230 3289 id

112 3348 186 3388 vero
205 3349 266 3388 non
288 3328 373 3390 ducis
395 3331 464 3389 usui
487 3350 572 3405 esse,
595 3350 662 3388 eum
685 3338 786 3389 tamen
808 3331 839 3388 in
859 3331 967 3406 humu,
995 3334 1021 3392 si
1042 3333 1122 3393 absit
1143 3336 1229 3414 pavi-

112 3445 262 3511 mentum,
288 3456 426 3505 ..vereare
458 3456 497 3496 ue
531 3436 651 3495 calceos
679 3437 775 3494 facias
802 3438 907 3497 elixos.
959 3439 1058 3518 Quam
1083 3463 1102 3501 a
1130 3441 1227 3516 rabie,

111 3546 214 3624 pergit
242 3545 280 3606 fr.
308 3544 389 3616 XX,
419 3542 532 3602 diversi
560 3543 675 3623 antiqui
704 3544 816 3617 nostri,
845 3547 896 3625 qui
919 3545 1034 3626 absque
1058 3549 1228 3609 artificiosis

31 3716 32 3721 .
109 3650 292 3731 pavimentis
314 3652 347 3710 in
369 3648 506 3708 domibus
527 3650 588 3708 suis
608 3649 754 3709 latericiis
774 3651 930 3729 paululum
945 3653 1044 3728 modo,
1068 3675 1127 3735 quo
1145 3674 1228 3714 umo-

110 3777 177 3817 rem
204 3758 397 3835 eefugerent,
429 3755 582 3836 lapidibus
611 3757 791 3817 suffundatis
812 3758 1003 3818 habitabant.
1044 3760 1093 3820 Ita
1123 3760 1227 3820 viden·
1305 3810 1307 3814 .

111 3873 161 3923 tur
187 3863 261 3924 mihi
289 3872 359 3944 apte
387 3863 459 3922 illae
481 3863 629 3943 reliquiae
651 3885 721 3925 sese
743 3866 894 3946 excipere.
938 3869 990 3927 Fr.
1013 3867 1127 3928 XVIII
1142 3867 1230 3947 ‘quod
1287 3895 1292 3906 ·

110 3971 224 4050 legitur
253 3975 329 4031 iubet
357 3979 389 4031 et
415 3991 471 4030 non
496 3973 584 4030 babos
611 3970 751 4049 Scaliger
782 3976 932 4034 correxit:
968 3976 1000 4035 in
1030 3974 1114 4034 libris
1136 3975 1230 4035 Nonii

111 4098 140 4156 p.
164 4084 226 4151 544,
249 4086 281 4141 17
303 4082 379 4138 iuuet
401 4086 432 4137 et
450 4098 507 4138 non
529 4081 612 4137 babet
632 4077 800 4137 exhibetur.
845 4080 1008 4140 Plumbum
1026 4080 1109 4161 quod
1127 4079 1166 4139 ad
1182 4100 1228 4139 re-

111 4180 275 4245 sarcienda
307 4205 384 4245 vasa
415 4193 541 4265 pertusa
574 4183 712 4245 adhiberi
746 4186 868 4260 dieitur,
906 4186 1061 4247 Iuvenalis
1089 4180 1228 4243 versibus

110 4284 283 4350 dlusnatur
305 4292 385 4352 XIV
406 4301 459 4356 308

166 4391 299 4455 Vannrn,
317 4391 400 4442 Com.
413 4408 442 4442 rn
457 4393 546 4443 Vana.
561 4407 620 4442 sar.
990 4393 1022 4452 11
1041 4420 1043 4425 ·
