2760 4890
155 326 218 388 212
504 340 508 345 ·
584 338 841 390 coumcmum.

146 503 270 559 -l'ectum
287 488 444 558 irideatur.
487 497 524 555 In
540 498 685 575 proximis
707 497 856 578 quasdam
879 518 894 556 e
917 498 1090 578 duplicibus
1114 519 1195 580 quaa
1215 508 1280 559 tra-

157 605 239 665 ditae
257 614 328 664 sunt
349 603 596 683 inscriptionibus
621 606 757 681 attingit,
780 625 839 684 quo
863 612 915 663 aut
938 591 1073 687 adplicet
1095 615 1148 664 aut
1172 625 1277 664 emen-

156 713 257 772 datius
281 709 404 769 scribat.
448 692 551 790 Atque
575 709 656 789 quod
678 710 747 769 huic
770 711 858 770 titulo
880 702 979 788 ίίμμαν
1001 715 1115 792 μειρεῖς
1141 706 1209 789 περὶ
1226 732 1280 784 φι-

157 817 317 897 λαργυρίας
352 825 476 896 propter
510 818 679 896 scripturae
715 817 951 897 discrepantiam
976 839 1083 900 parum
1113 837 1146 876 se
1181 817 1279 875 fidere
1316 832 1321 837 ·

156 896 323 1003 profitetui,
349 943 416 982 cum
437 924 616 1001 praesertim
638 925 668 981 in
687 924 826 1002 pauculis
848 927 1028 1003 fragmentis
1046 926 1099 983 vix
1112 925 1279 1000 vestigium
1313 995 1316 1011 Ι
1360 976 1373 990 ,

156 1030 354 1109 φιλαργυρίας
383 1040 545 1110 appareat,
577 1049 634 1088 nec
660 1040 722 1088 tarn
740 1032 887 1090 incertam
910 1052 977 1090 esse
1002 1033 1128 1091 alteram
1153 1030 1278 1110 quidem

155 1139 384 1217 inscriptionem
400 1157 480 1216 quae
505 1145 551 1195 est
570 1132 638 1215 περὶ
654 1136 851 1214 φιλαργυρίας
874 1158 931 1197 nec
946 1139 1062 1197 nullum
1080 1137 1279 1215 φιλαργυρίας

154 1245 318 1321 vestigium
344 1243 454 1302 adesse
482 1243 614 1302 affirmo:
644 1262 826 1322 quamquam
849 1265 888 1304 ne
910 1244 942 1303 id
965 1244 1087 1325 quidem
1109 1244 1198 1301 nimis
1223 1244 1277 1300 mi·

156 1372 221 1411 rum
244 1351 342 1410 videri
365 1348 473 1423 debet,
500 1350 534 1407 in
553 1358 615 1409 tam
638 1353 743 1429 paucis
768 1351 903 1430 reliquiis
927 1346 1004 1409 nssril
1027 1352 1089 1410 eius
1113 1351 1158 1409 rei
1181 1371 1276 1429 appa-

155 1479 239 1531 rere,
275 1478 364 1538 quam
387 1455 503 1519 referat
530 1458 698 1536 inscriptio.
744 1458 807 1518 Sed
830 1459 860 1516 in
882 1458 940 1515 hac
965 1457 1087 1537 quidem
1111 1466 1215 1515 satura
1238 1455 1276 1514 fr.

156 1576 173 1627 3
201 1563 358 1622 commode
385 1562 506 1621 videtur
530 1562 569 1620 ad
600 1565 697 1643 ipsam
728 1585 806 1645 quae
829 1577 875 1624 est
897 1566 928 1622 in
950 1564 1051 1622 indice
1075 1562 1277 1640 φιλαργυρίαν

155 1671 278 1728 referri:
309 1674 420 1727 Etenim
443 1673 545 1743 picibus
566 1687 646 1744 sepes
664 1676 807 1744 praebeat
828 1677 955 1741 domum,
985 1690 1094 1741 escam,
1120 1675 1276 1744 potionaem,

155 1779 225 1850 quid
245 1780 460 1834 desideremus?
486 1758 536 1834 D'e
559 1775 659 1835 indice
682 1788 784 1835 autem
808 1779 874 1856 ipso
897 1799 955 1858 quo
979 1779 1091 1836 certius
1114 1777 1276 1848 iudicetur,

155 1904 306 1962 apponam
325 1882 499 1941 testimonia
520 1881 628 1957 Nonii:

198 2019 200 2022 ⁴
239 2011 269 2069 p.
295 1997 354 2063 117,
379 1999 413 2052 13
436 2010 605 2046 sucini-:usto
624 2012 686 2048 nem
705 2006 866 2062 φιαιιιιιιι

239 2117 268 2174 p.
295 2104 353 2168 179,
377 2107 410 2157 10
433 2117 725 2153 saaorusaamcrsrmo

238 2224 269 2281 p.
290 2211 350 2275 395,
375 2212 409 2265 30
433 2223 596 2259 snornsunrc
616 2225 677 2260 πιιι
699 2219 855 2275 piissimus

239 2330 269 2388 p.
290 2317 351 2381 552,
375 2318 409 2372 29
432 2329 615 2366 auorususics
637 2331 696 2365 ussi
718 2330 860 2364 ussrrrisc
881 2325 903 2404 g*

238 2437 268 2495 p.
291 2425 352 2488 553,
378 2428 411 2478 lo
433 2437 603 2474 auornausic
622 2437 684 2472 uam
705 2435 849 2472 narramus

430 2545 498 2580 ιιιοι
519 2546 600 2581 usust
619 2545 634 2578 s
653 2546 716 2580 usur
737 2543 879 2581 uirorumue
901 2519 989 2579 Leid.
1008 2541 1049 2578 m.
1067 2520 1118 2578 alt.

429 2651 813 2688 suousssrcsusrrusrrrrmc
835 2625 943 2685 Bamb.

153 2738 180 2796 Ε
203 2736 311 2816 quibus
334 2731 513 2795 testimoniis
535 2737 664 2815 primum
688 2737 778 2795 etiam
807 2754 863 2814 per
885 2735 958 2791 satis
980 2753 1091 2809 graves
1115 2745 1273 2815 corrupte-

152 2832 198 2903 las
226 2845 314 2901 unius
343 2852 373 2901 et
399 2843 535 2902 eiusdem
564 2852 684 2902 saturae
708 2842 863 2920 inscriptio
888 2842 1076 2917 agnoscitur:
1106 2864 1177 2901 nam
1199 2842 1275 2901 licet

152 2951 200 3009 bis
228 2952 359 3028 positum
383 2945 449 3026 περὶ
476 2948 639 3027 μαρτυρίας
668 2950 726 3008 alio
747 2969 803 3007 nos
824 2948 936 3006 ducere
956 2947 1097 3008 videatur
1118 2971 1212 3031 quam
1233 2950 1273 3009 ad

153 3053 367 3134 φιλαργυρίαν,
391 3077 469 3136 quac
488 3057 561 3114 item
584 3048 903 3114 duobustestimouiis
920 3063 1047 3140 constat,
1068 3066 1171 3115 tamen
1190 3058 1271 3136 prio·

152 3185 215 3224 rem
241 3172 360 3243 partem
380 3165 587 3242 inscriptionis
611 3169 739 3240 apparet
762 3161 899 3220 omnibus
923 3162 1000 3220 locis
1023 3163 1054 3220 in
1076 3164 1201 3242 antiquo
1221 3182 1271 3223 co.-

154 3272 220 3331 dice
250 3271 329 3329 hanc
359 3272 494 3349 speciem
518 3270 678 3342 habuisse,
710 3289 894 3338 morumne,
937 3269 1016 3328 unde
1044 3269 1272 3348 discrepantiae

151 3378 314 3451 tenuiores,
339 3381 515 3459 quas'nunc
531 3376 600 3435 libri
616 3377 755 3447 offerunt,
780 3394 834 3432 sua
851 3353 961 3453 spontsi
976 3377 1136 3434 fluxerunt.
1164 3374 1202 3431 ln
1217 3374 1272 3433 illa

152 3482 252 3545 aut'em
277 3485 375 3542 forma
401 3486 578 3566 priusquam
604 3482 720 3557 attingo
749 3479 821 3559 quid
849 3479 945 3539 latere
974 3481 1129 3550 videatur,
1161 3498 1201 3536 ne
1225 3487 1271 3536 te·

152 3611 232 3650 mere
261 3599 390 3667 vagetur
416 3591 606 3659 coniectura,
636 3588 719 3666 prius
745 3585 783 3644 de
807 3587 904 3645 altera
923 3595 1010 3664 parte
1033 3586 1142 3644 indicis
1167 3585 1269 3662 dispu-

150 3695 291 3756 tandum:
323 3714 384 3776 qua
411 3690 483 3751 mibi
505 3692 676 3772 persuadeo
700 3690 775 3750 nihil
802 3690 883 3749 aliud
907 3711 997 3770 quam
1020 3692 1176 3768 vulgatum
1199 3689 1269 3763 περὶ

150 3800 347 3882 φιλαργυρίας
370 3801 528 3873 contineri,
550 3801 698 3880 quippec
721 3817 781 3877 quo
803 3798 921 3875 reliqua
943 3798 1043 3856 omnia
1062 3793 1153 3856 facile
1172 3797 1269 3874 expli·

150 3920 251 3970 catum
278 3908 421 3967 habeant.
467 3906 518 3965 Sic
547 3906 629 3985 quod
654 3905 831 3982 longissime
858 3902 1004 3962 recedere
1033 3904 1157 3964 videtur
1179 3925 1269 3979 ιιιιιιο

77 4066 81 4073 ,
148 4038 208 4076 non
229 4015 333 4074 dubito
357 4015 429 4093 quin
445 4012 516 4071 olim
530 4012 588 4071 hac
605 4014 702 4072 forma
718 4016 793 4082 us[m
808 4015 991 4082 pistoribus
1005 4009 1141 4069 habitum
1157 4011 1268 4070 fuerit:

148 4142 257 4201 nempe
286 4129 410 4201 propter
439 4119 579 4176 iteratam
611 4143 634 4176 rr
668 4116 819 4196 syllabam
845 4117 953 4176 mediis
984 4116 1151 4194 absorptis,
1187 4120 1267 4198 quae

148 4228 306 4288 restabant
332 4248 427 4284 ιιιιιιο
454 4224 532 4282 ultro
564 4245 631 4283 eam
658 4245 737 4304 quae
764 4244 844 4283 nunc
872 4225 904 4282 iu
931 4224 1016 4282 libris
1045 4221 1175 4281 habetur
1198 4243 1268 4301 spe·

147 4337 223 4395 ciem
255 4333 430 4393 induebant.
475 4333 542 4391 Nec
568 4332 693 4391 multum
722 4331 875 4409 disparem
904 4329 1094 4408 corruptelae
1126 4331 1206 4389 viam
1237 4332 1268 4388 in
1347 4404 1353 4415 „
