2760 4890
487 364 745 437 commessura.
837 435 839 443 Ι
1061 423 1064 428 ,
1119 351 1176 414 tta

56 524 147 597 Mihi,
176 544 218 584 ne
243 521 380 604 pluribus
400 524 454 583 illa
474 525 630 584 molimina
651 527 821 602 exagitem,
850 524 931 584 ultro
956 543 995 583 ex
1017 523 1177 583 emendate

58 631 180 709 scriptis
208 629 311 690 verbis
339 628 461 689 videtur
489 651 526 690 ca
548 634 768 713 glyconeorum
796 633 893 690 l'orma
919 629 1058 708 prodire,
1089 649 1179 710 quam

58 737 95 797 G.
118 739 318 797 Hermannus
339 737 440 815 tetigit
461 738 671 798 inclementis
694 738 721 797 d.
745 758 783 797 m.
806 759 837 817 p.
859 745 925 800 565:

162 896 174 911 =
266 912 287 925 .
305 906 324 928 υ
340 914 363 923 -
380 912 398 930 2
422 876 571 933 Pieridum
593 878 687 934 conces

266 979 349 1051 Quoc'
369 989 445 1040 tenet
465 983 569 1040 cordio
590 983 651 1057 pelo
671 985 755 1054 putri

266 1090 406 1147 Mdntium
425 1092 498 1146 laxo
520 1085 634 1164 [finire]
658 1123 675 1139 υ
692 1129 714 1136 -
732 1124 749 1139 υ
768 1127 786 1137 -

57 1218 115 1280 Oui
140 1221 255 1282 iisdem
276 1225 410 1284 numeris
431 1224 559 1283 altorum
581 1223 783 1300 fragmentum
806 1222 959 1282 succedit:

267 1400 286 1410 -
306 1397 324 1415 υ
344 1402 362 1411 -
387 1367 416 1420 iu
442 1330 636 1433 Thespiadum
658 1361 746 1418 choro

214 1544 220 1551 .
266 1469 429 1544 Derepente
453 1501 687 1524 .......

57 1617 108 1675 De
138 1621 296 1680 sententia
323 1623 431 1701 prioris
455 1621 592 1680 breviter
619 1640 655 1679 ac
676 1639 749 1680 vere
770 1619 923 1704 Scaliger:
957 1617 1127 1695 ‘Intelligit
1147 1624 1181 1674 ut

58 1731 132 1807 puto
160 1710 220 1801 τὴν
246 1714 331 1803 ἠχώ)
382 1727 444 1787 Sed
477 1726 551 1807 quid
580 1727 654 1785 echo
685 1745 753 1785 cum
781 1724 997 1805 Sesquiulixc?
1047 1726 1181 1783 Possunt

59 1830 166 1909 plures
190 1833 369 1893 occasiones
395 1831 677 1892 commemorandae
701 1833 794 1890 echus
817 1833 959 1908 cogitari:
991 1832 1076 1890 velut
1098 1850 1180 1890 reso·
1235 1891 1241 1904 ‚

59 1945 185 1996 nantem
201 1957 271 1997 cam
284 1940 393 1999 montis
407 1941 568 2018 imaginem
579 1941 755 2019 percepisse
769 1941 799 1997 in
815 1941 923 1998 itincre
937 1938 1181 2019 Sesqniulixem:

61 2062 258 2125 quemquam,
279 2046 339 2105 nisi
358 2066 406 2106 me
430 2048 549 2125 species
572 2048 661 2120 fallit,
689 2048 785 2105 oratio
803 2055 833 2105 et
849 2047 1092 2105 forma‘metrica
1110 2045 1200 2104 sub·.

30 2168 35 2177 “
60 2149 165 2208 limina
191 2149 266 2231 quid
293 2160 325 2212 et
350 2152 448 2210 minus
475 2151 602 2229 vulgare
622 2151 803 2211 subindicat.
840 2151 930 2231 Quod
953 2151 1027 2231 quid
1048 2151 1088 2209 sit
1109 2150 1180 2209 inde

61 2255 173 2315 videor
195 2258 354 2338 suspicari,
379 2258 462 2339 quod
483 2244 583 2316 comes
605 2258 760 2317 Pieridum
780 2267 908 2317 vocatur
922 2257 1019 2330 Echo,
1040 2265 1070 2315 et
1090 2254 1180 2315 subii-

63 2361 142 2422 citur
178 2363 263 2424 chori
296 2362 505 2444 Thespiadum
541 2365 663 2423 mentio.
713 2364 833 2440 Nempe
867 2362 944 2420 haec
984 2383 1000 2421 e
1027 2362 1181 2442 prooemio

63 2477 186 2549 sumpto
211 2456 286 2531 csse¹
297 2471 452 2551 putabam,
475 2471 557 2552 quod
575 2480 626 2530 aut
645 2472 783 2548 integrae
805 2478 927 2529 saturae
951 2478 1002 2528 aut
1021 2470 1101 2548 parti
1118 2471 1182 2527 eius

61 2577 272 2655 praepositum
292 2579 411 2640 fuisset.
429 2578 619 2650 ‚Videbatur
641 2580 720 2637 enim
745 2599 807 2637 non
820 2577 977 2655 indignum
994 2583 1086 2656 poeta
1102 2585 1182 2635 satu-

62 2683 138 2767 rico‚
153 2702 222 2742 cum
241 2684 280 2743 ad
291 2685 449 2746 Homerici
460 2686 561 2751 Ulixis
577 2706 663 2744 suum
677 2685 857 2764 depingeret
870 2684 1105 2765 Sesquiulixem‚
1122 2704 1184 2742 non

64 2786 151 2848 adire
173 2789 289 2863 Musas,
309 2800 343 2849 ut
360 2792 513 2853 Homerus
538 2793 648 2851 cecinit
670 2780 766 2869 duduc
789 2809 838 2866 μοι
862 2788 965 2850 ἔννεπε
981 2788 1105 2859 Μοῦσα,
1128 2788 1183 2848 sed

65 2896 210 2955 comitem
229 2897 384 2957 Musarum
406 2900 509 2973 Echo,
537 2909 571 2958 ut
600 2900 745 2971 referret,
776 2919 855 2978 quae
879 2919 895 2958 e
920 2899 1011 2957 choro
1032 2896 1182 2977 Thespia-

65 3002 136 3062 dum
157 3002 356 3082 percepisset.
402 3005 493 3066 Certe
523 3007 567 3065 sic
597 3025 657 3063 non
684 3004 809 3083 illepide
837 3005 934 3087 Varro
954 3025 1039 3064 suum
1062 3012 1184 3085 poema-

64 3110 129 3168 tion
152 3117 308 3191 tamquam
335 3129 443 3169 vocem
467 3111 504 3169 ab
531 3113 658 3171 Homeri
684 3111 817 3170 carmine
839 3131 1050 3190 repercussam
1072 3108 1185 3187 signifi-

66 3222 161 3276 caret.
206 3215 273 3274 Nec
306 3214 387 3296 quod
423 3216 549 3276 eaedem
582 3220 690 3277 Musae
722 3219 753 3274 in
784 3216 891 3275 eadem
917 3215 1185 3303 comprehensione

65 3321 156 3382 modo
185 3320 326 3383 Pierides
348 3321 437 3380 modo
461 3322 654 3402 Thespiades
672 3330 835 3394 vocantur,
858 3321 895 3380 ab
917 3320 1005 3380 huius
1029 3319 1185 3397 scriptoris

67 3436 99 3487 et
126 3428 232 3507 scripti
260 3427 349 3487 modo
378 3428 529 3488 abhorret.
575 3429 639 3488 Sed
669 3428 750 3487 cadit
775 3431 806 3488 in
826 3429 905 3486 hanc
927 3425 1131 3485 coniecturam
1152 3433 1186 3481 ut

66 3534 98 3591 in
120 3532 215 3607 alias,
245 3552 321 3613 quas
345 3554 382 3594 ex
397 3536 461 3612 hoc
489 3554 602 3613 genere
632 3534 761 3614 protuli,
792 3532 954 3592 nonnullas
983 3529 1074 3605 illud,
1105 3529 1185 3609 quod

67 3639 105 3698 de
126 3639 277 3699 consimili
300 3659 394 3698 causa
414 3640 533 3700 Niikius
556 3641 695 3714 dicebat,
724 3659 791 3700 esse
818 3658 869 3698 eas
890 3637 954 3695 ludi
976 3636 1106 3708 similes,
1137 3637 1186 3694 ‘in

67 3770 127 3829 quo
151 3768 238 3829 spem
259 3746 331 3808 boni
347 3755 473 3807 eventus
491 3757 604 3828 aequet
620 3750 683 3807 fere
702 3746 804 3805 damni
822 3753 852 3803 et
869 3744 978 3802 erroris
994 3742 1185 3821 periculum’.

152 3859 254 3935 Pergo
283 3851 324 3916 ad
357 3853 432 3912 alia:
473 3861 503 3912 et
529 3874 632 3912 rursus
661 3855 692 3911 in
719 3871 812 3910 unum
840 3848 941 3908 locum
969 3849 1078 3926 colligo
1107 3849 1186 3907 haec

67 3963 105 4024 ab
129 3963 265 4027 Oehlero
289 3959 428 4039 dispersa
447 3958 634 4037 fragmenta:

151 4112 169 4165 5
220 4101 296 4171 Quid
315 4103 390 4156 enim
411 4103 467 4166 cst,
490 4098 568 4169 quod
588 4097 669 4153 homo
692 4097 838 4151 rauracius
861 4096 1002 4150 lubentius
1022 4094 1118 4149 cidere
1138 4093 1186 4147 dc-

220 4210 285 4265 bcot
304 4207 377 4263 dello
399 4212 513 4261 uxore?
1226 4194 1228 4199 ’

152 4351 169 4407 9
219 4344 276 4414 θαι·
295 4343 326 4399 ic
350 4344 379 4397 in
398 4356 521 4414 ganeum
545 4356 580 4396 ac
602 4353 718 4394 cenarem
740 4337 860 4393 coniecti
883 4332 1002 4392 amirae.
