2760 4890
509 328 767 378 commortuae.
1133 310 1193 374 1⁸9

81 513 192 553 causas
214 490 329 552 solent:
366 490 406 552 cf.
431 489 638 567 Quintilianus
661 488 690 548 V
712 497 756 560 10,
778 494 811 550 27
831 488 966 555 raeticus,
987 485 1124 558 forensia
1147 500 1195 541 ne·
1294 548 1295 553 .

77 606 217 676 gotiator,
253 603 347 670 miles,
380 603 544 673 navigator,
580 599 707 654 medians
735 596 815 652 alind
841 602 928 667 atquc
953 594 1033 650 alind
1055 591 1195 665 efficiant.

80 710 266 766 Existimatio
293 724 351 764 usu
372 704 502 766 Varroni
529 723 590 761 non
617 700 804 781 infrequenti
823 705 977 778 tamquam
998 717 1130 777 persona
1150 697 1195 755 in·

81 814 192 888 fertur:
213 819 247 870 ut
268 813 300 870 in
320 820 389 869 Lean
408 817 511 867 Maean
534 809 572 870 fr.
593 821 609 872 5
630 810 806 876 Metameloa
830 807 1046 865 Inconstantiae
1066 805 1146 877 filias
1166 809 1197 860 et

80 921 111 979 in
131 919 192 978 hae
215 926 319 977 nostra
340 925 444 975 satura
466 915 503 976 fr.
525 925 560 980 16
581 919 667 975 tertia
687 916 867 983 Poenarum,
900 911 1039 987 Infamia.
1083 911 1198 986 reserat

81 1027 216 1106 deniqne
235 1045 290 1084 sua
308 1022 462 1103 primitiva
476 1022 507 1080 vi
519 1019 742 1100 accipiendum,
765 1037 870 1078 rursus
887 1021 969 1094 serat
990 1022 1021 1075 in
1036 1034 1196 1088 nnmerum,

80 1152 141 1190 non
165 1151 203 1189 ea
223 1149 284 1210 qua
306 1132 335 1187 in
356 1146 506 1188 numeram
529 1129 645 1202 referre
666 1146 727 1185 non
749 1125 842 1184 distat
863 1123 903 1184 ab
922 1121 1158 1183 adnumeranda.

167 1235 219 1295 Ad
245 1236 335 1294 finem
355 1233 553 1314 perduximus
575 1232 673 1290 insani
698 1232 793 1290 nostri
815 1231 983 1304 fortunam,
1010 1236 1155 1310 quantum
1178 1248 1195 1288 e

80 1342 221 1424 reliquiis
255 1343 405 1421 dispicere
432 1340 527 1399 licuit.
580 1337 627 1396 Ac
655 1337 728 1398 licet
754 1337 835 1397 bona
861 1359 932 1418 pars
960 1338 1197 1415 fragmentorum

81 1449 227 1530 supersit,
250 1461 376 1529 quorum
398 1447 513 1511 nullam
532 1445 715 1505 mentionem
736 1446 807 1520 feci,
830 1455 933 1506 tamen
954 1443 1026 1508 inde
1048 1443 1124 1503 nihil
1146 1451 1197 1503 aut

81 1577 144 1616 non
167 1554 293 1614 multum
315 1555 392 1614 lucis
411 1552 450 1613 ad
469 1552 564 1624 hanc,
594 1571 684 1632 quam
706 1552 881 1633 primariam
901 1530 1046 1625 arbitror,
1075 1560 1197 1611 saturae

81 1672 204 1744 partem
225 1660 463 1720 redundaturum
482 1658 630 1719 existimo.
676 1645 815 1720 Sed'hoc
833 1667 900 1720 utut
922 1667 978 1734 est,
1001 1658 1108 1720 videor
1127 1659 1200 1718 mihi

81 1769 137 1829 illa
167 1766 378 1828 distributione
405 1765 508 1848 paullo
537 1767 607 1846 plus
633 1766 673 1826 ad
700 1775 785 1827 recte
806 1765 1028 1827 aestimandam
1051 1788 1199 1827 memora-

81 1868 190 1935 bilem'
204 1874 400 1953 reliquiarum
426 1873 606 1932 varietatem
635 1874 799 1933 contulisse
827 1852 1004 1954 qaam-cum
1025 1875 1197 1956 superiores

81 1993 149 2043 tum
170 1981 331 2053 Oehlerus,
355 1980 406 2060 qui
425 1966 503 2039 liaec
522 1979 550 2038 ei
574 1988 695 2041 saturae
717 1981 889 2061 praemisit:
910 1980 1051 2042 ‘Tractat
1069 1983 1128 2042 hac
1151 2003 1197 2042 aa·

81 2099 154 2150 tura
176 2089 348 2149 Stoicorum
374 2085 484 2163 dogma
507 2075 553 2144 ὅτι
579 2077 688 2158 πάντες
714 2083 807 2167 μωροὶ
828 2087 998 2165 patronem:
1031 2087 1114 2168 quod
1134 2088 1199 2147 Ho÷

81 2197 180 2257 ratius
209 2213 331 2275 quoque
356 2193 514 2271 eleganter
534 2195 712 2273 perstrinxit
733 2197 764 2254 in
785 2195 981 2275 Damasippo.
1027 2198 1200 2254 Eumenides
1230 2172 1233 2177 Ι

84 2299 261 2381 liberhaud
273 2297 364 2359 dubie
377 2298 447 2359 ideo
460 2299 622 2378 inscriptus
634 2310 690 2376 est,
705 2303 777 2382 quia
790 2301 848 2361 hae
863 2300 940 2361 deae
952 2300 1105 2360 hominum
1117 2320 1199 2359 men·

84 2418 134 2469 tes
158 2408 260 2466 furore
282 2406 409 2486 implere
431 2405 638 2485 putabantur!
673 2410 711 2468 In
734 2405 843 2487 quibus
864 2409 1059 2488 quantumvis
1078 2407 1200 2487 paucis-

83 2517 171 2576 simis
195 2522 340 2595 quantum
364 2512 416 2572 ille
439 2512 643 2588 aberraverit,
673 2536 734 2574 non
758 2522 804 2573 est
830 2515 1011 2594 quodnune
1033 2534 1201 2594 persequar

82 2623 216 2700 longius.
260 2621 328 2681 Nec
351 2619 445 2679 multo
471 2619 540 2698 plus
561 2621 598 2679 iis
622 2619 662 2679 ad
680 2620 904 2700 intellegendas
925 2632 1048 2683 saturae
1069 2621 1202 2680 rationes

24 2768 30 2775 -
81 2727 252 2808 proficitur,
265 2746 344 2806 quae
356 2727 511 2788 Prellerus
526 2725 596 2784 olim
609 2727 640 2784 in
656 2725 836 2788 Oehleriani
845 2730 915 2790 libri
927 2750 1057 2790 censura
1071 2729 1201 2807 scripsit.

83 2836 115 2895 E
139 2833 249 2894 ceteris
270 2830 464 2910 fragmentis',
488 2852 567 2914 quae
589 2853 649 2892 non
672 2833 773 2912 tetigi,
802 2855 927 2914 possum
950 2837 1065 2915 aliquot
1086 2835 1118 2893 in
1141 2836 1200 2893 sin·

84 2941 176 3019 gulas
192 2938 341 3020 quasdam
357 2959 486 2999 scaenas
504 2939 659 3017 colligere,
676 2959 755 3020 quae
770 2948 873 3001 tamen
890 2942 1041 3021 quomodo
1058 2950 1110 3001 aut
1124 2942 1204 3000 inter

84 3067 122 3106 ae
147 3052 200 3105 aut
223 3065 290 3104 eum
311 3053 489 3122 argumento
511 3048 654 3125 primario
674 3047 874 3123 cohaeserint,
898 3071 959 3109 non
975 3049 1117 3128 dispicio:
1137 3047 1203 3107 vel·

82 3161 119 3212 ut
145 3152 218 3226 illa,
253 3170 333 3232 quae
359 3151 580 3231 praebitionem
608 3150 661 3229 (fr.
690 3152 723 3230 4)
751 3155 885 3235 aliquam
914 3154 1024 3228 cenae,
1060 3163 1093 3213 ut
1118 3162 1202 3233 puto,

84 3256 326 3337 attineantlfrr.
350 3267 376 3320 1.
399 3267 425 3321 6.
447 3270 473 3322 5.
491 3268 517 3322 9·
540 3257 587 3336 7.),
609 3259 720 3339 inqua
742 3259 929 3339 dispensatio
949 3261 1116 3321 secundum
1138 3280 1203 3319 cer-

83 3375 152 3425 tam
173 3362 309 3424 ordinem
337 3363 421 3421 lacta
443 3383 511 3423 esse
533 3364 668 3437 videtur,
696 3374 729 3425 ut
750 3367 814 3426 eius
837 3369 1019 3428 narrationis
1041 3367 1205 3427 similitudo

84 3471 240 3552 quaedam
274 3488 343 3528 cum
371 3467 598 3548 dispensatione
628 3471 784 3550 sportulae
811 3474 893 3552 apud
921 3475 1101 3535 Iuvenalem
1118 3475 1136 3534 Ι
1156 3485 1204 3536 101

85 3576 177 3656 quasi
203 3595 261 3656 per
287 3575 430 3635 tenebras
459 3585 651 3654 agnoscatur.
697 3579 749 3639 Sic
773 3581 834 3640 alia
856 3581 1008 3662 quaedam
1034 3583 1206 3660 fragmenta

86 3682 199 3741 mutati
219 3679 349 3742 vestitus
365 3682 547 3764 habitusque
563 3705 706 3745 scaenam
722 3690 859 3748 referunt
882 3688 948 3766 (frr.
969 3700 1010 3751 m.
1027 3700 1070 3752 13.
1088 3698 1128 3751 14.
1148 3688 1204 3767 15).

68 3787 125 3847 'In
147 3786 257 3869 quibus
276 3788 313 3848 fr.
336 3799 370 3853 13
390 3790 528 3869 proclive
548 3799 614 3850 erat
635 3792 814 3870 intellegere
832 3794 895 3855 leni
910 3796 1076 3855 mutatione
1094 3794 1207 3854 bonum

85 3896 241 3955 senarium
258 3895 395 3975 prodire:

239 4003 354 4063 'Partim
378 4014 499 4064 venusta
521 4008 654 4065 miliebri
675 4011 798 4067 ornatis
819 4013 902 4080 stola,

85 4119 175 4171 ornat
198 4110 279 4169 enim
296 4109 374 4172 libri.
419 4110 511 4189 Quod
533 4112 700 4173 Oehlerum
720 4136 780 4174 non
801 4113 917 4175 vidisse
939 4115 1044 4173 mirum
1066 4134 1127 4172 non
1150 4120 1206 4184 est,
1239 4180 1245 4190 .

87 4217 202 4297 quine
226 4237 278 4276 eos
301 4217 433 4298 quidem,
461 4239 535 4297 quos
556 4219 594 4280 G.
616 4220 810 4280 Herrnannus
834 4223 865 4279 in
889 4221 1048 4281 elementis
1071 4219 1100 4278 d.
1123 4238 1159 4276 m.
1177 4239 1205 4296 p.

83 4334 139 4388 389
165 4325 299 4407 praeivit
329 4325 473 4385 dimetros
502 4326 716 4405 anapaesticos
742 4328 879 4407 recipcre
906 4347 998 4386 ausus
1026 4336 1088 4387 est:
1118 4327 1153 4383 fr.
1174 4334 1208 4386 16
