2760 4890
561 334 819 392 conmortuus.

220 508 250 568 V
272 505 315 586 (8)
420 507 478 563 Aul
497 507 545 562 ille
567 522 683 563 ceruam
706 506 756 577 qui
776 520 900 561 correus
918 506 1034 561 volabile
1130 549 1134 557 .

417 614 512 686 Spero
532 617 647 669 secutus
669 613 818 683 tropolaoe
840 611 944 666 traicit.

220 770 265 830 Vl
289 766 337 847 (9)
419 767 494 836 Quid
515 767 561 822 bic
584 721 703 822 certator
724 781 780 820 mon
803 764 895 836 cepit?

219 922 282 983 V'II
304 918 346 999 (l)
415 921 495 976 Adde
515 920 639 992 hydram
654 919 816 974 Lernaeam
832 923 859 973 et
874 918 1028 973 draconem
1044 915 1249 997 Hesperidum,

418 1029 494 1100 qaod
512 1026 617 1083 bestiae
635 1023 759 1096 fueraut
781 1025 927 1079 immanes,

220 1181 299 1243 VIII
322 1177 381 1260 (10)
410 1181 498 1250 them
519 1180 627 1235 idcirco
650 1183 731 1233 terra
752 1194 809 1232 mom
831 1177 907 1247 cepit
928 1181 955 1231 el
976 1176 1087 1231 caelum
1109 1177 1227 1247 recepit.

45 1407 48 1411 ,
134 1358 249 1416 Eorum
275 1355 312 1414 fr.
333 1354 389 1414 IV·
406 1352 462 1411 tali
494 1351 559 1410 fere
584 1367 666 1408 nexu
695 1348 766 1407 olim
792 1347 855 1425 legi
880 1349 993 1427 potuit:
1024 1335 1172 1420 Fruatur,
1196 1343 1251 1406 ¹cui

134 1462 220 1536 libet,
243 1460 368 1542 placida
391 1478 428 1518 ao
450 1458 556 1520 deside
580 1459 654 1529 vita,
679 1456 705 1515 si
722 1475 783 1515 non
802 1456 897 1529 malit,
921 1448 1141 1535 ut'praemium
1162 1453 1248 1512 labo-

135 1588 211 1641 rum,
234 1567 368 1646 aliquam
382 1565 559 1626 Atalantam
577 1571 750 1644 reportare:
774 1551 853 1640 quae
870 1543 1022 1622 sententia
1041 1561 1173 1620 fortasse
1188 1581 1249 1621 non

134 1674 226 1750 longe
253 1692 272 1730 a
295 1671 347 1731 frr.
367 1673 401 1731 Π
424 1681 454 1732 et
474 1672 525 1732 III
548 1668 690 1731 distabat.
734 1667 785 1727 Ad
807 1669 997 1747 Meleagrum
1020 1665 1174 1740 alluditur,
1199 1669 1250 1748 qui

134 1779 295 1841 nobilitata
323 1780 389 1858 apri
417 1777 580 1858 calydonii
607 1758 770 1837 venatione
802 1795 862 1835 non
882 1775 971 1834 modo
993 1775 1115 1835 beluam
1137 1775 1248 1834 intere·

135 1889 203 1961 mit,
239 1873 294 1948 sed
324 1887 415 1945 etiam
443 1885 609 1945 animosam
636 1885 824 1944 venatricem
850 1869 1027 1947 Atalantam
1054 1890 1163 1942 nactus
1193 1891 1248 1942 est.

135 1993 215 2054 Vide
245 1992 429 2074 Apollodori
456 1993 660 2051 narrationem
693 1991 725 2049 in
753 1988 830 2049 libro
858 1992 875 2051 I
901 1999 927 2054 8.
979 1990 1027 2051 Of.
1052 1989 1091 2048 L.
1114 1988 1248 2049 Prelleri

134 2099 265 2179 Mythol.
284 2091 394 2160 Graec.
418 2099 451 2158 II
473 2119 504 2178 p.
528 2108 579 2162 205
598 2119 665 2179 sqq.
696 2097 918 2157 Difficultatem
941 2096 979 2157 de
1001 2097 1152 2177 scriptura
1168 2097 1248 2174 frag-

135 2207 228 2266 menti
250 2194 342 2266 Nonii
371 2207 516 2265 memoria
543 2205 644 2277 affert,
673 2205 724 2283 qui
748 2226 779 2284 p.
804 2212 869 2277 187,
891 2194 924 2266 lb
956 2205 999 2262 ita
1022 2202 1143 2263 scribit:
1173 2205 1248 2262 ‘oer-

133 2315 220 2370 ciam'
244 2331 415 2387 mapnoram
438 2316 549 2371 uirium.
603 2314 696 2369 Varro
719 2313 880 2386 Meleapro:
909 2312 946 2368 ‘si
965 2330 1022 2368 stoa
1047 2315 1127 2369 malit
1144 2317 1189 2371 uir
1212 2317 1248 2370 oi-

134 2422 227 2477 rastas
249 2437 371 2477 amorem
393 2421 499 2476 babere
514 2419 702 2476 Atalantam!
725 2400 787 2493 nisi
806 2417 887 2496 quod
909 2422 1061 2488 oiraccias,
1085 2438 1111 2475 m
1128 2437 1249 2497 supras

136 2525 263 2604 scripto,
300 2524 472 2600 Leidensis
523 2518 631 2602 Itaque
662 2522 816 2582 dubitetur
848 2523 976 2603 primum
1006 2523 1044 2584 de
1067 2526 1135 2605 ipsa
1160 2548 1247 2600 voce,

134 2654 195 2713 qua
223 2634 267 2691 uti
295 2631 413 2690 Nonius
442 2624 589 2703 voluerit,
618 2635 728 2689 ciratus
755 2651 794 2689 an
824 2635 944 2690 viriatus
967 2632 1161 2710 explicuerit:
1190 2634 1248 2693 hoo

135 2739 161 2798 si
183 2720 293 2810 voluit,
320 2756 424 2795 rursus
449 2736 618 2816 quaeritur,
647 2757 665 2794 a
693 2734 847 2797 viribusne
876 2759 915 2797 an
938 2758 957 2796 a
978 2738 1063 2797 viriis
1086 2740 1127 2798 sit
1149 2742 1247 2800 oriun-

137 2844 216 2904 dum.
261 2843 356 2920 Atqui
381 2845 481 2901 viriati·
501 2841 628 2902 formam
652 2841 760 2902 eadem
782 2841 887 2901 addita
909 2844 1112 2922 explicatione
1130 2867 1248 2922 mapma-

134 2975 199 3013 ram
222 2958 324 3012 uiritim
345 2950 463 3008 Nonius
485 2950 621 3028 proxime
644 2948 836 3008 antecedenti
859 2949 972 3027 pagina
994 2959 1053 3025 186,
1075 2963 1111 3015 30
1131 2956 1247 3033 posuit:

134 3060 298 3119 ‘oiriotum’
334 3061 439 3116 dictam
477 3063 519 3133 est
556 3075 727 3131 mapparum
760 3058 871 3114 atrium.
931 3057 1058 3116 lucilius
1091 3062 1137 3117 lib.
1171 3081 1248 3121 xxvi

128 3169 248 3225 *contro
265 3167 418 3240 (lapillum,
449 3164 560 3220 nescire
583 3164 653 3220 bello
674 3165 748 3221 uinci
768 3181 786 3218 o
811 3164 935 3221 barbaro
962 3166 1064 3224 viriato
1086 3169 1248 3228 Annibale?

135 3271 286 3352 Quodne
308 3270 376 3351 quis
398 3269 441 3326 ita
463 3268 688 3347 interpretetur,
708 3276 742 3325 ut
753 3256 870 3327 Nonius
893 3269 989 3329 altero
1011 3271 1079 3331 loco
1101 3294 1162 3333 non
1178 3296 1249 3355 pos-

135 3382 175 3440 sit
201 3400 262 3438 non
291 3377 381 3436 aliam
402 3395 429 3454 'a
453 3378 557 3434 atriolo
582 3372 734 3433 diversam
759 3395 867 3434 vocem
889 3375 1081 3452 adhibuisse,
1108 3380 1247 3440 Kochius

136 3485 268 3555 cavit¹in
291 3467 558 3542 exercitationibus
574 3502 604 3561 p.
620 3489 664 3543 26.
704 3480 807 3559 Quare
830 3484 855 3542 si
879 3504 917 3543 ex
936 3483 1081 3543 incolumi
1097 3487 1249 3566 scriptura

134 3592 333 3672 depravatam
355 3589 516 3648 aestimare
537 3586 688 3661 volumus,
710 3588 870 3669 utrobique
886 3589 917 3647 in
933 3593 1030 3647 viriati
1042 3593 1166 3678 nomine
1178 3613 1247 3673 per·

135 3698 290 3758 sistemus:
325 3694 406 3774 quod
436 3714 503 3753 cum
530 3693 647 3752 Nonius
682 3714 701 3751 a
729 3694 843 3753 viribus
879 3716 947 3755 esse
977 3695 1066 3770 dicit,
1101 3696 1159 3756 hoc
1187 3720 1248 3758 non

135 3803 227 3864 debet
249 3822 320 3880 eam,
337 3800 400 3859 vim
420 3800 543 3872 habere,
567 3808 600 3859 ut
621 3801 647 3859 si
668 3799 868 3880 probabilitas
890 3799 950 3860 alio
974 3800 1081 3874 ducat,
1106 3823 1124 3861 a
1146 3803 1247 3863 Nonio

133 3931 194 3969 non
222 3907 427 3968 deflectamus.
471 3904 539 3965 Nec
568 3909 671 3987 inepte
694 3907 854 3980 devitiis,
878 3927 939 3966 non
962 3907 1000 3968 de
1019 3906 1149 3982 viribus,
1180 3930 1248 3968 curn

135 4015 187 4075 alii
213 4013 300 4088 olim,
330 4023 392 4073 tum
421 4011 572 4073 Oehlerus
602 4021 633 4073 et
660 4014 799 4074 Kochius
823 3995 1007 4091 cogitarunt:
1040 4034 1167 4094 quorum
1193 4016 1248 4075 ille

134 4129 256 4202 praeter
275 4121 336 4180 alia
357 4119 496 4199 apposite
516 4117 668 4179 Isidorum
688 4121 777 4180 affert
797 4121 828 4178 in
851 4120 1016 4198 originibus
1036 4121 1118 4180 XIX
1134 4131 1177 4194 31,
1198 4132 1248 4185 16:

134 4232 265 4288 armillae
286 4229 408 4301 proprie
435 4212 503 4285 suist
534 4231 660 4286 uirorum
687 4231 809 4287 collatae
836 4230 971 4285 uictoriae
1000 4248 1089 4287 causa
1115 4234 1249 4289 militibus

134 4339 167 4394 ob
189 4352 337 4392 armorum
355 4336 496 4392 uirtutem.
541 4339 616 4394 auae
642 4343 671 4395 et
697 4338 841 4410 quotidem
869 4336 951 4408 aalpo
975 4337 1092 4394 viriolae
1114 4338 1247 4395 dicebam-
