2760 4890
558 328 818 379 commorasse.
1202 319 1244 380 57

130 488 246 567 scripsi
267 495 402 563 spectare
430 508 498 547 cum
525 487 670 549 Turnebo
699 491 731 550 in
753 473 938 549 adversariis
960 489 1077 551 XXIX
1098 499 1150 551 Ὦς
1176 489 1246 550 libri

132 594 227 674 (Non.
249 618 281 677 p.
301 605 351 671 99,
379 594 426 676 25)
448 601 621 672 expectare,
649 596 731 677 quod
757 617 825 656 cum
848 595 1000 656 Oehlerus
1021 603 1142 656 tueatur
1161 595 1245 676 (esse

130 704 213 763 enim
239 704 284 763 ait
303 723 341 763 ex
366 703 441 765 sedo
463 724 517 764 suo
538 711 678 783 spectare
699 703 750 763 vel
773 723 791 763 e
812 697 977 783 longinquo
1001 704 1170 784 spectare),
1199 706 1243 766 vi·

131 810 220 887 dest,
250 829 311 892 quo
339 812 406 871 iure
428 808 551 870 incertis
574 818 605 871 et
630 810 705 891 ipsis
726 810 802 871 locis
824 809 927 871 Plauti
948 808 1127 870 Aululariae
1149 811 1196 871 IV
1216 821 1243 884 8,

130 925 147 981 7
171 925 203 978 et
223 917 362 978 Petronii
386 934 412 976 e.
436 924 468 980 17
490 923 601 976 utatur.
647 916 738 977 Certe
761 937 778 977 e
800 917 966 975 Burmanni
988 916 1183 977 adnotatione
1206 917 1245 978 ad

129 1024 269 1107 Petronii
297 1024 320 1083 l.
348 1044 375 1085 c.
406 1032 527 1105 poterat
554 1022 637 1084 aliud
663 1022 792 1082 discere.
840 1026 907 1102 Ego
934 1044 995 1085 non
1024 1023 1144 1098 dubito,
1174 1027 1246 1105 quin

129 1118 291 1207 expectare
317 1139 422 1191 natum
446 1132 486 1191 sit
506 1151 543 1191 ex
567 1151 603 1191 eo
625 1132 793 1210 scripturae
811 1151 884 1205 usu,
910 1151 1000 1211 quem
1019 1130 1180 1212 aliquoties
1201 1140 1246 1192 te·

130 1238 198 1315 tigi.'
241 1236 291 1299 uf.
317 1258 348 1317 p:
370 1248 413 1302 m.
437 1246 480 1302 49.
526 1237 673 1298 Similiter
703 1255 832 1312 sapuere
857 1259 911 1317 pro
940 1254 1045 1312 spaera
1072 1237 1104 1297 in
1130 1238 1248 1318 aliquot

130 1342 289 1405 codicibus
309 1344 402 1405 Nonii
420 1344 533 1422 legitur
549 1364 580 1424 p.
596 1352 657 1417 400,
678 1354 711 1407 lo
732 1345 764 1402 in
785 1345 822 1404 fr.
838 1353 990 1406 araturae
1009 1351 1079 1416 Han
1098 1352 1246 1406 Eznrurnc.

129 1450 170 1511 In
190 1450 301 1511 eodem
321 1452 491 1529 fragmento
520 1459 567 1510 est
590 1448 672 1529 quod
694 1451 726 1509 in
747 1454 792 1509 his
813 1451 990 1531 pronomine
1011 1451 1156 1512 haereas:
1192 1470 1247 1532 pro

130 1576 191 1637 quo
216 1558 319 1639 quivis
340 1557 488 1637 politioris
510 1557 671 1617 latinitatis
692 1564 797 1617 auctor
817 1561 916 1616 iisdem
937 1561 1127 1618 descobinata
1152 1559 1246 1637 scrip-

129 1672 217 1723 turus
248 1662 353 1724 fuerit.
409 1665 622 1723 Descobinundi
654 1663 747 1723 verbo
777 1682 850 1723 usus
886 1671 933 1722 est
961 1665 1059 1723 Varro
1086 1671 1248 1742 praeterea

128 1770 364 1829 innumerata
387 1779 415 1845 2,
436 1769 519 1852 quod
540 1771 698 1847 Roeperus
720 1769 877 1829 commode
898 1771 1061 1830 octonariis
1083 1771 1246 1830 trochaicis

130 1872 320 1955 descripsit:

216 2010 306 2071 Dicat
322 2012 405 2089 paqil
427 2016 468 2071 is:
490 2012 667 2087 spectatores
687 2011 740 2087 qni
759 2016 893 2070 miseram
906 2012 1020 2087 putatis
1037 2016 1114 2073 uinci

111 2188 114 2199 Ι
217 2118 336 2189 Quaero
357 2138 375 2177 a
394 2122 479 2203 nobis,
501 2118 531 2177 εἰ
548 2122 705 2193 supercilia
727 2120 914 2179 adversarias
936 2123 976 2175 mi
994 2123 1079 2176 cestis
1108 2195 1114 2207 .

186 2221 420 2284 ”annonara
439 2222 546 2304 [mea],
568 2229 702 2300 numquis
721 2226 847 2285 ae'stram
869 2244 924 2284 sna
946 2227 1043 2285 mihist
1061 2230 1204 2286 datarus?

131 2379 188 2439 nisi
209 2377 292 2459 quod
309 2379 341 2436 in
362 2378 452 2437 tertio
466 2383 566 2438 ¹'versu
585 2380 730 2439 insertum
752 2398 815 2438 mea
831 2379 987 2459 displicet:
1011 2378 1165 2440 defectum
1183 2403 1245 2441 ma·

131 2484 183 2544 lim
212 2485 311 2544 ascita
337 2476 471 2559 nalnqnis
493 2502 559 2542 nam
579 2480 677 2544 forma
699 2506 858 2566 reparare:
887 2495 921 2545 ut
941 2487 1105 2546 Terentius
1128 2489 1159 2546 in
1181 2488 1244 2548 An-

133 2590 198 2651 dria
219 2598 283 2653 325·
299 2587 350 2667 (Π
373 2600 403 2663 l,
425 2588 473 2668 25)
499 2594 551 2649 ebo
581 2595 647 2650 dam
672 2594 719 2651 dic
745 2595 829 2650 mibi:
859 2595 1009 2666 Numquid
1037 2614 1104 2652 nam
1123 2599 1248 2670 amplias

131 2700 180 2756 noi
198 2699 338 2756 camilla
356 2696 434 2771 fnit?
464 2695 586 2781 'Restat
609 2707 762 2777 postrema
789 2719 850 2758 vox
873 2699 910 2757 fr.
933 2698 984 2756 III
1004 2688 1181 2773 aurareJut
1201 2710 1248 2762 est

132 2784 276 2863 inlibris.
313 2802 434 2861 ‘Recte’
458 2801 712 2864 dicit-Oehlerus:
733 2806 793 2875 ‘est
812 2816 947 2864 nostrum
966 2808 1099 2881 sebaffcn
1120 2808 1171 2866 vel
1185 2811 1247 2867 sich

132 2928 167 2967 zu
186 2910 323 2983 acbaffen
344 2909 488 2967 muchan!
531 2911 620 2969 Haec
645 2910 699 2970 ille
726 2933 765 2971 ne
789 2911 918 2972 testibus
947 2913 1069 2992 quidem
1091 2914 1138 2973 sui
1158 2934 1246 2994 prae·

134 3015 213 3096 cepti
228 3015 472 3094 circumspectis:
491 3036 565 3097 quos
582 3035 638 3093 ego
653 3017 754 3076 nullos
771 3019 908 3078 invenio:
931 3021 1060 3098 quimus
1076 3023 1247 3082 sententiae

133 3119 255 3200 quidem
280 3121 443 3180 convenire
464 3129 526 3179 tam
547 3143 654 3201 parum
672 3122 814 3185 definitae
830 3127 961 3185 notionis
975 3146 1084 3186 vocem
1101 3127 1248 3187 concedo.

135 3226 235 3306 Quare
255 3224 436 3307 prudentius
454 3227 576 3302 Iunius,
600 3229 681 3308 quod
706 3231 794 3290 unice
816 3252 908 3292 sensu
926 3233 1081 3312 scriptoris
1100 3233 1246 3314 poscitur,

135 3323 267 3393 restituit
292 3351 428 3405 carrera,
460 3336 544 3395 cuius
571 3355 627 3413 ego
651 3321 893 3397 emendationem
916 3339 959 3396 ita
978 3337 1102 3416 perficio
1125 3346 1159 3396 ut
1179 3357 1246 3397 car·

134 3458 198 3499 sare
224 3459 371 3521 reponam
398 3434 452 3521 'pro
486 3460 609 3512 aurare,
639 3442 892 3522 quemadmodum
919 3444 1048 3504 eandem
1075 3430 1182 3523 vocem
1208 3445 1245 3503 F.

135 3547 281 3621 Hessius,
311 3546 495 3608 clarissimus
518 3549 647 3626 collega,
670 3550 801 3610 correxit
822 3553 853 3610 in
875 3551 976 3610 'l‘aciti
998 3549 1190 3608 historiarum
1210 3550 1244 3609 li-

134 3651 187 3713 bro
203 3653 319 3716 11115:
342 3657 556 3728 exploratores,
579 3664 610 3714 at
631 3675 690 3716 mos
711 3667 762 3729 est,
785 3659 896 3731 lonqias
918 3661 1090 3716 cursabant:
1110 3654 1161 3714 ubi
1182 3656 1247 3715 vul·

134 3760 261 3839 gebatur
283 3762 435 3820 curabant.

135 3900 164 3939 r,
206 3862 536 3955 'Fragmenta'6-10
563 3887 643 3949 quae
671 3878 741 3928 sunt
769 3869 850 3949 apud
865 3867 1038 3929 Oehlerum
1061 3868 1171 3949 cupido
1194 3889 1247 3929 ve·

136 3975 288 4035 nationum
307 3971 459 4043 laudatori
479 3971 626 4032 attribuo:
661 3973 699 4034 de
722 3995 849 4054 quorum
869 3974 975 4033 ordine
995 3974 1071 4033 nihil
1094 3973 1247 4033 confiden-

136 4082 191 4145 tius
216 4081 350 4154 affirmo,
380 4079 435 4141 sed
458 4079 706 4160 probabilitatem
735 4070 858 4143 secutus
887 4102 1023 4142 seorsum
1050 4078 1088 4140 ab
1112 4080 1246 4142 Oehlero

136 4186 177 4246 ita
197 4186 340 4269 dispono:

217 4323 264 4385 IV
283 4320 329 4403 (6)
354 4324 386 4383 Si
406 4342 464 4385 nun
482 4328 563 4383 malit
582 4328 627 4384 air
648 4327 758 4383 viratas
780 4342 901 4384 amorem
923 4327 1029 4413 babere
1051 4325 1224 4380 Atalantam.
