2760 4890
536 347 793 396 eorrnornrar..
990 378 995 389 .
1161 335 1222 399 123

108 525 177 564 eam
199 518 309 564 vocem
330 505 408 564 binis
426 505 554 585 syllabis
574 506 740 566 adhibitam
763 526 842 566 esse.
887 506 992 584 Quare
1012 528 1079 566 cum
1097 509 1223 569 Sotadei

109 612 231 691 quidem
257 613 302 671 illi
328 619 376 670 sat
401 613 491 670 certis
518 612 638 671 indiciis
661 612 844 691 prodantur,
873 611 1123 688 videndumst,
1151 635 1222 674 num

108 717 182 796 quid
212 717 295 776 aliud
319 717 351 775 in
379 719 545 798 depravato
570 723 679 777 maleus
702 718 878 789 delitescat,
909 718 990 796 quod
1009 719 1081 798 quid
1104 722 1223 779 sitnon

109 834 229 904 exputo.
351 815 354 820 ⁸

192 931 228 988 P.
252 939 269 990 4
293 951 323 988 r.
350 939 383 992 25
404 929 592 989 Ribbeckius
621 948 653 988 ec
676 933 788 989 theatro
811 927 915 988 scribit
937 930 967 987 in
988 933 1086 1008 praef.
1110 933 1149 992 ad
1173 954 1220 992 co·

107 1034 252 1092 micorum
285 1035 446 1094 latinorum
473 1035 617 1114 reliquias
647 1055 675 1113 p.
699 1036 780 1094 XII:
808 1035 878 1095 libri
901 1046 944 1095 et:
974 1037 1066 1114 vulgo
1086 1056 1116 1109 e,
1140 1039 1221 1118 quod

108 1141 226 1218 scripsi.

193 1247 229 1306 P.
254 1255 339 1325 121.
363 1255 397 1307 10
424 1247 528 1306 nescio
551 1266 590 1304 an
612 1248 745 1324 integros
770 1248 962 1314 hexametros
984 1257 1141 1330 praestare
1163 1250 1242 1309 hoc

107 1352 196 1410 modo
220 1353 325 1410 liceat:

229 1505 230 1509 =
259 1473 385 1544 Iurgare
407 1475 516 1544 occepit
537 1468 660 1530 diceris!
673 1492 766 1548 nugas
782 1475 860 1548 sacis
884 1484 969 1549 atque

259 1579 295 1634 In
319 1579 432 1650 vulgum
456 1582 563 1652 vulgae,
588 1590 737 1653 artemque
755 1586 904 1654 caproneis
925 1587 1053 1640 inertem.

193 1713 228 1770 P.
251 1724 280 1774 51
306 1734 336 1770 v.
355 1721 390 1772 24
418 1733 510 1790 aegre
533 1716 599 1773 fero
626 1715 709 1795 quod
736 1716 778 1774 M.
798 1717 956 1776 Hertzium
978 1695 1104 1778 laudare
1123 1719 1219 1792 omisi,

107 1819 159 1896 qui
190 1819 281 1890 (Berl.
302 1821 403 1876 Jahrb.
428 1829 493 1881 1845
516 1820 533 1878 I
556 1841 586 1899 p.
607 1821 670 1900 261)
701 1831 771 1881 ante
796 1842 844 1880 me
872 1822 910 1880 de
931 1827 1044 1881 temolo
1072 1824 1220 1898 (homullo)

104 2029 155 2087 III
178 2028 285 2088 eodem
308 2028 396 2087 modo
420 2029 573 2090 iudicasse
598 2052 633 2090 ac
655 2053 704 2091 me
722 2054 752 2111 p.
773 2043 816 2096 56.

191 2144 679 2216 Ε1111ιο111,110111111111111.
702 2151 735 2201 55
757 2161 787 2199 r.
807 2150 825 2203 4
845 2140 1018 2220 perstrinxi,
1041 2141 1220 2199 Krahnerus

106 2241 143 2301 de
163 2244 309 2302 Varronis
331 2242 524 2326 philosophia
545 2265 576 2322 p.
600 2253 634 2304 22
655 2245 812 2306 adnotavit
841 2246 875 2306 ‘e
897 2245 1107 2326 philosophico
1131 2266 1219 2323 argu·

106 2359 206 2408 mento
229 2359 331 2428 aptum
352 2349 477 2408 libruni'
501 2351 605 2408 fuisse.
884 2338 890 2345 ¹
988 2327 990 2336 Ι

190 2458 394 2524 Bacchiaoum
415 2466 550 2538 systema
573 2455 610 2515 ab
632 2457 810 2517 Hermanno
831 2460 862 2517 in
882 2459 970 2518 elem.
991 2480 1022 2538 p.
1037 2468 1090 2522 303
1109 2460 1219 2518 consti-

105 2573 217 2638 tutum,
248 2563 330 2645 quod
354 2584 384 2642 p.
408 2573 443 2628 94
468 2564 571 2640 tetigi,
599 2562 769 2640 elegantius
795 2565 984 2625 Ribbeckius
1014 2567 1045 2623 in
1066 2565 1219 2644 quaestio-

104 2669 192 2728 nibus
213 2669 341 2729 scenicis
360 2690 390 2747 p.
412 2677 464 2732 268
487 2668 647 2728 adornavit
670 2670 701 2727 in
721 2669 802 2729 hunc
825 2671 962 2730 modum:

256 2806 413 2876 Quemndm
435 2815 461 2862 te
483 2823 544 2863 esse
566 2807 669 2875 dicem,
689 2806 759 2880 fero'
782 2812 833 2880 qui
854 2811 941 2865 manti

307 2912 442 2984 Corporis
463 2912 593 2985 fervidos
612 2914 736 2987 fontium
760 2919 859 2987 operis

255 3019 350 3074 Locris
372 3017 523 3091 sangoinis
546 3026 628 3091 reque
648 3019 706 3076 vito
725 3020 804 3078 leode
823 3020 924 3093 ferreo
946 3022 1027 3077 ensi?

101 3150 276 3230 Iisdemque
299 3152 437 3213 versibus
462 3147 581 3212 confert
609 3155 761 3212 exEnnii
784 3155 923 3234 Thyeste
948 3155 986 3214 fr.
1004 3154 1064 3214 IV:
1095 3154 1134 3211 cf.
1156 3154 1218 3212 En·

102 3258 213 3316 nianae
235 3260 337 3336 poe'sis
360 3259 449 3339 reliq.
471 3281 502 3338 p.
528 3269 586 3321 111.

187 3365 222 3423 Ρ.
247 3373 297 3426 130
319 3373 349 3422 et
371 3375 420 3428 131
447 3364 529 3444 quod
554 3373 672 3424 Bruineo
702 3366 764 3426 dixi
792 3388 900 3447 parum
927 3351 1219 3446 probabiliter'addi

20 3527 22 3530 .
103 3470 230 3528 alteram
257 3446 485 3549 inscriptionem
508 3469 576 3551 περὶ
600 3465 791 3552 τρόπων,’ἱ(1
817 3471 920 3551 paullo
942 3470 1128 3551 probabilius
1149 3460 1217 3528 red-

103 3576 183 3635 ditur
213 3577 256 3634 eis
280 3596 359 3655 quae
380 3578 559 3638 Krahnerus
584 3579 621 3639 de
644 3579 789 3640 Varronis
813 3576 1006 3656 philosophia
1024 3598 1054 3655 p.
1077 3584 1093 3638 6
1116 3574 1217 3652 dispu-

103 3684 195 3755 tavit,
226 3684 393 3743 Varronem
417 3702 485 3742 cum
506 3684 573 3743 aliis
595 3685 627 3743 in
647 3684 737 3744 rebus
759 3689 823 3742 tum
843 3683 875 3741 in
895 3681 1100 3760 praefigendis
1123 3680 1217 3738 titulis

102 3788 261 3847 Cleanthis
284 3790 495 3849 auctoritatem
516 3811 577 3849 non
600 3811 668 3849 raro
692 3768 830 3851 secutum
852 3807 930 3861 esse,
954 3790 1037 3848 cuius
1061 3783 1127 3867 περὶ
1152 3779 1216 3865 τρό-

26 3891 60 3944 .‘
102 3914 168 3953 aar
193 3895 331 3954 extitisse
354 3893 463 3953 librum
482 3896 631 3973 Diogenis
650 3897 767 3957 Laertii
789 3895 961 3955 testimonio
981 3893 1044 3953 VH
1066 3903 1125 3968 5,6
1147 3913 1216 3951 con-

102 4009 178 4059 stat:
202 4001 294 4073 unde,
319 3999 400 4079 quod
422 3990 549 4078 τρόπους
573 4004 750 4063 1110110111
772 4002 896 4061 notione
914 4001 1067 4060 rhetorica
1090 3999 1150 4058 dici
1172 4000 1217 4057 af·

102 4107 235 4179 firmavi,
274 4107 397 4183 egregie
427 4107 653 4185 comprobatur,
688 4109 809 4189 quando
838 4129 899 4166 non
929 4109 1020 4167 aliam
1046 4107 1108 4166 vim
1131 4104 1218 4163 illum

103 4213 261 4272 Cleanthis
289 4213 421 4273 indicem
447 4214 560 4273 habere
584 4213 736 4290 Diogenis
762 4234 907 4274 recensus
930 4214 1083 4273 titulorum
1104 4210 1216 4270 indicio
1260 4262 1271 4289 ,
1299 4198 1304 4207 ’

102 4329 163 4392 est:
187 4315 254 4398 περὶ
276 4317 480 4396 διαλεκτικῆς,
503 4317 572 4400 περὶ
595 4313 732 4398 τρόπων,
756 4315 825 4399 περὶ
851 4308 1111 4400 κατηγορημάτων.
