2760 4890
129 315 169 374 40
561 322 818 372 ΟΟΝΙΕΟΤΑΝΕΔ.

129 495 261 567 partem,
291 486 394 546 ascitis
416 484 586 558 nonnullis,
616 502 692 563 quas
718 503 799 542 nunc
820 504 880 543 non
903 505 1087 567 persequor,
1117 488 1243 549 aliorum

130 591 370 673 opinationibus,
393 591 441 651 his
463 591 625 651 trochaicis
648 592 829 670 septenariis
852 591 1028 671 descripsit:

280 728 360 788 Nido
381 732 482 787 intorti
499 746 539 787 ee
561 729 705 786 cibalibus
727 727 949 787 demittebantur
966 731 1087 803 parvuli

278 834 339 893 Se'ae
361 838 503 906 armani,
527 836 605 894 oculi
615 834 791 909 'suppaetull
811 839 923 910 nigellis
940 839 1070 911 papulis.
1154 855 1158 862 ·

127 989 215 1050 Mitto
251 988 314 1049 alia
347 970 428 1069 iluae
458 989 487 1046 ci
517 986 617 1046 obsint
644 988 830 1046 restitutioni
849 1007 920 1076 'nec
951 1008 1045 1067 urgeo
1077 992 1160 1070 quod
1186 1013 1245 1050 non

128 1103 224 1153 toturn
265 1096 469 1174 fragmentum
502 1092 589 1151 licuit
626 1091 734 1152 eodem
764 1112 889 1152 numero
924 1094 1097 1156 describere
1108 1119 1122 1173 z⁸
1154 1116 1245 1155 unum

128 1220 187 1280 quo
217 1221 254 1260 ea
280 1201 462 1261 restauratio
492 1200 618 1259 metrica
651 1198 783 1258 diluatur
816 1199 874 1256 hoe
903 1208 966 1272 est,
1003 1201 1085 1281 quod
1115 1209 1248 1288 ceterae,

127 1324 208 1385 quae
236 1326 303 1364 cnm
328 1307 381 1367 illo
398 1307 560 1393 'artissime
595 1305 774 1378 cohaerent,
806 1303 954 1384 reliquiae
982 1305 1086 1386 probis
1118 1309 1244 1369 senariis

130 1413 302 1473 decurrunt.
337 1412 447 1493 Neque
466 1411 545 1471 enim
564 1418 726 1469 metrorum
743 1411 871 1470 variatio
888 1395 1080 1472 Varroniano
1098 1413 1245 1474 eiusmodi

130 1529 191 1593 est,
220 1528 254 1579 ut
282 1510 373 1580 etiarn
403 1537 482 1598 quae
505 1536 597 1576 sensu
625 1516 873 1576 coniunctissima
899 1519 960 1576 sint
988 1519 1086 1578 forma
1107 1540 1245 1580 numero-

129 1647 195 1687 rum
211 1626 309 1686 dirimi
326 1624 467 1685 volucrit.
512 1621 603 1701 Quod
620 1641 711 1701 quarn
724 1622 786 1680 vim
803 1622 917 1682 habeat
939 1624 1100 1685 adversus
1119 1647 1176 1706 per
1191 1628 1245 1686 has

129 1741 249 1792 saturas
265 1729 502 1802 resuscitandos,
525 1730 616 1788 etiam
630 1729 783 1788 nonnullis
800 1729 867 1788 aliis
884 1711 1031 1810 exemplis
1046 1731 1127 1791 infra
1147 1740 1245 1791 osten-

130 1840 210 1900 dam.
247 1840 351 1919 Qnare
373 1836 431 1894 hoc
453 1836 574 1894 nomine
595 1834 773 1914 prudentius
796 1835 859 1911 egit
873 1835 1048 1916 RoeperuS,
1074 1838 1126 1916 qui
1143 1839 1246 1897 nescio

130 1954 230 2006 utrum
250 1946 306 2005 illa
327 1946 445 2004 ratione
467 1963 506 2002 an
533 1961 624 2001 sensu
643 1923 744 2020 potius
766 1959 820 1999 suo
842 1940 950 2004 ductus
978 1949 1075 2001 toturn
1095 1926 1246 2021 fragmen·

132 2061 196 2113 tum
216 2054 247 2112 in
270 2052 407 2112 senarios
430 2047 582 2108 distribuit
603 2046 623 2104 l.
647 2066 672 2104 e.
694 2067 723 2125 p.
746 2055 813 2110 264:

282 2235 289 2248 .
314 2189 381 2247 inte
404 2191 486 2246 auris
508 2185 589 2242 modo
612 2182 653 2240 εἴτ
675 2185 819 2241 sobolibus
835 2170 956 2256 pdrvuli

279 2297 388 2354 Intirti
402 2294 597 2356 ,demittebatur
619 2307 673 2347 see
694 2290 867 2354 eineinnnli;

282 2402 366 2463 Oeult'
386 2404 497 2476 nigellis
516 2400 638 2472 pipella
660 2398 828 2469 suppae'tul'

281 2510 431 2577 Quendam
453 2506 628 2562 bilaritatem
650 2504 846 2577 significantes
868 2505 1020 2569 animitas,-

283 2613 403 2690 [Dente's
426 2609 604 2686 candentes]
631 2610 723 2668 rictus
745 2620 775 2668 ut
794 2615 1023 2686 parvissimus
1096 2654 1099 2658 -
1190 2685 1196 2693 .

280 2721 426 2794 Refrenat
447 2736 497 2777 ore
519 2718 603 2775 rdsea
627 2715 750 2793 [labra.
776 2764 781 2775 .
808 2718 829 2796 .]

127 2861 165 2918 In
188 2879 248 2938 quo
270 2856 450 2936 praesertim
471 2854 675 2932 Scaligerum,
700 2873 790 2934 quem
811 2854 933 2927 laudat,
958 2863 1080 2914 secutus
1102 2864 1163 2929 est,
1186 2858 1245 2915 nisi

128 2966 210 3046 quod
232 2965 307 3025 dnos
326 2980 434 3023 versus
456 2968 625 3039 postremos
647 2982 701 3021 suo
723 2964 860 3042 periculo
881 2962 985 3042 paullo
1006 2962 1171 3022 violentius
1193 2962 1244 3022 ad·

106 3073 259 3133 ¹omavit.
313 3069 382 3148 Quo
410 3068 507 3144 magis
536 3068 626 3127 miror
663 3089 731 3129 eum
759 3068 851 3141 illud,
886 3068 968 3147 quod
996 3068 1135 3145 Scaliger
1162 3077 1245 3128 recto

128 3199 220 3258 sensu
247 3183 463 3257 perspexerat,
500 3174 691 3251 neglexisse,
723 3183 794 3257 post
825 3180 974 3247 eninlilus,
1006 3174 1058 3235 ubi
1086 3165 1246 3257 Roeperus
1291 3167 1292 3170 ¹

127 3288 194 3366 ipse
220 3284 363 3342 lacunam
391 3281 512 3354 statuit,
542 3269 602 3340 hos*
626 3281 701 3340 duos
725 3269 849 3354 versus,
880 3301 956 3362 quos
979 3281 1052 3341 alibi
1074 3285 1194 3345 Nonius
1215 3308 1246 3366 p.

128 3401 195 3464 als,
218 3398 252 3451 22
275 3409 314 3448 ex
337 3387 445 3448 eadem
466 3395 570 3446 satura
592 3389 711 3462 citavit,
735 3389 914 3449 inserendos
938 3410 1024 3450 esse:

114 3578 120 3584 .
215 3536 247 3589 12
281 3529 357 3595 Quos
377 3525 583 3599 calliblephara
605 3525 737 3584 niturali
752 3525 914 3600 pilpebrae

283 3631 410 3713 Tinetole·¹
425 3634 544 3690 vallatos
566 3636 661 3692 mo'bili
681 3636 781 3708 saepti
804 3643 909 3693 tenent.
1018 3615 1021 3621 ⁵

127 3790 208 3848 Nam
228 3785 394 3846 Oehlerum
411 3805 472 3843 non
494 3805 580 3859 curo,
605 3789 656 3867 qui
679 3808 770 3867 quam
791 3807 852 3846 non
872 3790 1006 3868 potuerit
1028 3788 1066 3848 de
1086 3788 1244 3867 Scaligero

128 3895 273 3954 iudicium
296 3893 416 3964 facere,
445 3898 475 3950 et
496 3911 530 3949 re
552 3893 703 3970 significat
724 3901 754 3952 et
775 3893 893 3968 verbis,
923 3897 975 3975 qui
998 3899 1029 3955 in
1052 3897 1243 3974 praefatione

128 4021 158 4079 p.
183 4008 215 4063 19
237 3999 311 4058 talia
331 3999 369 4058 de
392 4000 551 4077 Scaligero
571 3998 704 4058 scribere
723 4020 785 4058 non
805 4001 939 4062 erubuit:
964 4003 1082 4083 ‘parum
1105 4003 1243 4064 conside·

128 4128 214 4180 rans,
244 4085 415 4184 fragmenta
441 4107 621 4184 scriptorum
643 4115 727 4166 reete
755 4109 907 4185 corrigere
929 4129 1089 4187 remense
1113 4115 1244 4172 maxime

126 4215 275 4275 lubricam
300 4224 330 4275 et
359 4218 489 4275 omnium
516 4234 615 4294 paene
639 4213 849 4274 difficillimam
871 4248 898 4258 -
922 4250 945 4258 —
971 4219 1178 4278 confidentius·
1199 4229 1245 4279 est

71 4333 72 4336 ’
127 4324 265 4402 Scaliger
292 4332 326 4383 ut
353 4303 513 4382 multis‘in
534 4322 617 4396 aliis,
649 4325 693 4382 ita
714 4325 745 4382 in
764 4324 812 4383 his
833 4325 979 4384 Varronis
1000 4324 1076 4384 locis
1099 4326 1244 4385 sanandis
