2760 4890
130 309 190 372 tat
557 297 812 370 conmortuus.

128 483 229 540 monia
249 480 392 541 Gelliana
415 479 498 558 (nolo
525 482 605 539 enim
626 501 705 539 nunc
728 479 767 540 ad
790 480 865 539 alias
887 480 1013 539 aliorum
1034 479 1179 539 librorum
1200 482 1246 539 in-

128 588 307 666 scriptiones
336 586 497 666 expatiari)
525 588 691 667 perlustro,
720 606 759 645 ne
788 587 934 646 credibile
961 585 1085 666 quidem
1111 587 1247 660 videtur,

129 713 197 752 eum
217 699 333 768 scripsit
353 692 453 772 potius
475 678 566 773 quam
583 699 732 768 inscripsit
755 692 940 752 exhibuisse.
984 691 1148 771 Apponam
1172 693 1246 753 Gel-

128 798 162 855 lii
185 798 269 858 locos
293 818 396 858 omncs
420 797 524 876 (pauci
544 799 644 878 sunt),
665 799 774 879 quibus
798 798 914 880 aliquid
936 797 974 856 de
998 800 1109 857 saturis
1133 801 1246 860 Varro-

127 907 174 963 nis
196 905 357 964 delibavit:
381 906 427 965 VI
450 914 490 979 16,
515 917 526 966 1
556 908 595 963 M.
624 909 718 965 Varro
738 911 767 964 in
790 917 903 976 satura,
925 925 1011 980 quam
1034 899 1101 977 περὶ
1121 897 1246 980 ἐδεσμά-

129 1033 186 1071 των
206 1017 368 1087 inscripsit,·
389 1013 451 1073 XV
474 1023 516 1086 19,
539 1024 548 1074 1
581 1016 619 1071 M.
650 1016 743 1072 Varro
762 1018 834 1072 dicit
856 1017 886 1070 in
910 1020 1023 1080 satura,
1045 1027 1120 1083 quac
1143 1014 1247 1067 inscri-

128 1123 204 1177 bitur
230 1114 298 1195 περὶ
329 1108 506 1195 {disparem
524 1120 603 1203 (VII
629 1131 662 1192 5,
684 1131 717 1182 10
744 1125 836 1177 satira
858 1119 898 1175 M.
929 1119 1083 1187 Varronis,
1099 1135 1180 1190 quae
1203 1121 1247 1174 in·

127 1229 237 1298 scripta
262 1237 303 1283 est
326 1221 371 1296 dig
388 1222 493 1294 παῖδες
510 1222 542 1280 οἵ
560 1220 711 1302 γέροντες1
739 1226 790 1283 III
812 1234 854 1297 18,
878 1235 894 1286 5
917 1225 956 1282 M.
980 1233 1075 1281 autem
1103 1226 1199 1281 Varro
1218 1228 1248 1280 in

124 1335 218 1401 satira
241 1334 404 1404 Menippea,
428 1350 501 1405 quae
518 1319 685 1391 Ἱπποκόων
704 1337 918 1404 inscriptura:
940 1330 1024 1388 XIII
1040 1341 1084 1402 31,
1105 1341 1122 1392 3
1143 1334 1247 1389 librum

127 1455 167 1494 er
193 1441 280 1494 isdem
307 1442 417 1496 saturis
448 1483 454 1496 .
485 1484 491 1495 .
524 1445 574 1512 qni
593 1428 765 1516 ‘deouiiar
787 1440 945 1508 inscriptus
965 1445 1025 1498 est,-
1058 1435 1141 1494 XIX
1161 1445 1189 1508 8,
1216 1444 1247 1498 17

127 1548 157 1601 in
186 1546 258 1601 libro
283 1553 452 1602 saturarum
481 1548 519 1602 M.
556 1547 711 1615 Varronis,
745 1547 796 1617 qui
821 1545 980 1615 inscriptus
1002 1549 1045 1598 est
1067 1544 1248 1612 Ecdeme·

128 1653 238 1712 tirus:
265 1649 282 1706 Ι
304 1659 389 1721 ‘MA
416 1653 455 1710 M
485 1629 583 1711 Varro*
600 1657 629 1709 in
651 1657 757 1722 satira,
786 1667 860 1724 pieac
878 1653 1019 1721 inscripta
1039 1657 1095 1705 cst:
1122 1650 1247 1704 nescis

129 1758 216 1828 quid
242 1773 371 1829 uesper
397 1761 516 1817 rebat.
562 1759 645 1817 XIII
677 1769 724 1830 11,
755 1769 765 1819 1
800 1759 885 1814 Liber
908 1763 950 1811 est
973 1754 1012 1810 M.
1044 1756 1185 1811 Varronis
1210 1769 1250 1808 en

127 1865 226 1919 satiris
248 1863 423 1936 Menippeis,
451 1870 502 1939 qui
521 1856 704 1925 inscribitur:
734 1868 855 1923 nescis
883 1864 969 1936 qaid
990 1876 1120 1932 uesper
1142 1875 1250 1916 seras

129 1970 246 2026 vebat.
299 1968 415 2027 Horum
453 1971 659 2049 exemplorum
697 1970 897 2030 constantiam
931 1964 1139 2024 consideranti
1174 1964 1250 2022 mihi

129 2074 267 2154 quidem,
297 2078 401 2134 nescio
424 2096 463 2135 an
485 2077 578 2136 etiam
600 2079 684 2151 aliis,
707 2075 864 2157 probabile
885 2072 1020 2154 videtur,
1050 2070 1102 2128 illo
1125 2090 1249 2150 quoque

128 2179 209 2238 unde
227 2181 357 2258 profecti
375 2203 477 2242 sumus
493 2183 561 2243 loco
578 2189 725 2257 inscripsit
739 2202 807 2240 esse
822 2179 923 2241 Gellio
940 2175 1176 2237 restituendum:
1197 2174 1250 2233 ubi

128 2285 155 2343 si
176 2290 293 2360 scripsit
315 2268 370 2366 per
393 2311 426 2349 se
449 2291 581 2371 quidem,
602 2290 717 2368 absque
742 2284 961 2347 consuetudine
983 2283 1149 2361 scriptoris,
1175 2281 1250 2339 ferri

129 2400 245 2470 potest,
279 2392 311 2451 id
338 2403 456 2469 tamen,
490 2397 570 2476 quod
595 2397 681 2467 ¹XIII
702 2403 792 2468 23,4
821 2395 852 2450 in
882 2390 1017 2462 Hertzii,
1040 2410 1101 2447 non
1123 2389 1196 2447 item
1219 2389 1249 2446 in

130 2498 277 2558 Gronovii
297 2500 436 2578 exemplo
456 2501 631 2562 exhibetur:
655 2504 694 2560 M.
721 2504 814 2559 Varro
837 2505 866 2557 in
888 2506 992 2557 satura
1014 2515 1088 2571 quae
1110 2501 1250 2554 scribitur

130 2603 312 2680 Σκιομαχία,
342 2605 461 2663 omnino
489 2627 549 2665 non
574 2609 696 2667 videtur
723 2606 845 2685 probari
872 2625 980 2684 posse:
1012 2604 1063 2662 vel
1092 2603 1117 2662 si
1145 2611 1249 2661 tamen

128 2720 190 2771 tam
220 2711 278 2769 hoc
309 2711 376 2768 loco
403 2715 541 2770 scribitur
577 2733 667 2792 quam
697 2713 752 2772 illo
777 2715 895 2785 scripsit
917 2708 1115 2782 obtinebitur,
1145 2686 1186 2768 ne
1206 2710 1249 2767 sic

129 2816 250 2898 quidem
280 2824 327 2874 est
353 2813 434 2894 quod
461 2816 525 2874 illic
552 2819 685 2879 Gellium
719 2826 929 2896 argumentum
957 2825 1078 2874 saturae
1099 2816 1247 2886 indicare,

128 2944 188 2982 non
210 2924 319 2982 afferre
341 2923 569 3000 inscriptionem
590 2927 726 2986 voluisse
749 2925 943 2986 arbitremur:
969 2920 1090 3003 quando
1107 2923 1165 2980 hoc
1183 2921 1249 3000 qui-

129 3031 198 3090 dam
230 3042 332 3089 satura
367 3045 441 3102 quae
464 3035 600 3092 scribitur
627 3031 794 3110 Σκιομαχία
820 3052 881 3089 non
909 3037 1012 3108 potest
1040 3029 1098 3087 nisi
1133 3027 1172 3085 de
1204 3027 1248 3084 in-

129 3139 293 3218 scriptione
322 3146 444 3198 saturae
474 3139 626 3216 intellegi:
654 3149 688 3200 ut
715 3139 943 3217 inscriptionem
964 3134 1133 3213 logistorici
1159 3133 1247 3192 citari

128 3245 322 3307 manifestum
345 3254 391 3305 est
412 3245 459 3304 his
481 3245 583 3305 verbis
606 3247 701 3308 XVII
720 3256 752 3309 18
774 3249 813 3303 M.
838 3246 932 3302 Varro
954 3289 959 3300 .
983 3289 989 3300 .
1010 3247 1040 3300 in
1060 3245 1142 3310 libro,
1165 3257 1248 3313 quern

127 3356 244 3424 scripsit
272 3346 360 3410 Pius
390 3361 453 3409 ant
481 3356 521 3410 de
547 3335 656 3427 pace,
684 3351 736 3410 ubi
765 3351 904 3429 equidem
927 3370 1019 3426 aegre
1043 3348 1248 3433 dubitaverim

126 3461 275 3532 inscripsit
306 3480 480 3539 reponere-
510 3461 623 3520 Verum
651 3457 798 3537 quidquid
827 3456 865 3514 de
893 3457 930 3514 iis
966 3457 1140 3536 scripturis,
1172 3475 1248 3535 quas

129 3562 259 3636 suadeo,
294 3563 492 3637 iudicabitur,
524 3573 641 3623 tantum
664 3565 718 3623 illo
747 3563 916 3623 indubitato
947 3561 1086 3639 exemplo
1116 3570 1247 3633 constat,

129 3668 262 3728 Gellium
288 3690 350 3728 non
381 3670 469 3729 aliter
498 3677 589 3750 atque
618 3671 808 3730 Priscianum
838 3678 957 3728 saturas
985 3668 1194 3728 Varronianus
1219 3677 1248 3726 et

128 3795 188 3834 uno
217 3776 355 3836 attulisse
381 3776 499 3850 indice,
528 3796 654 3857 quarum
683 3774 741 3834 duo
765 3778 937 3836 etiamnunc
961 3784 1081 3847 extant,
1115 3783 1146 3832 et
1168 3793 1248 3853 quae

129 3881 226 3940 Varro
255 3901 367 3958 graece
393 3884 563 3956 extulerit,
583 3902 620 3940 ea
653 3881 756 3939 latinis
787 3885 888 3942 verbis
911 3904 1059 3964 expressa
1080 3881 1247 3941 rettulisse.

129 3985 232 4067 Atque
249 3986 367 4048 Gellius
392 4011 458 4048 cum
480 3990 592 4049 nullius
611 3997 735 4046 saturae
752 3966 904 4066 duplicem
921 3991 1040 4050 titulum
1057 3990 1247 4069 apposuerit,

129 4100 299 4151 ceterarum
320 4087 381 4153 nou
403 4104 505 4173 potest
527 4095 698 4154 testimonio
722 4093 823 4172 aliquo
840 4096 937 4154 altera
952 4116 1072 4176 quoque
1088 4097 1248 4174 inscriptio

129 4198 276 4277 proferri,
301 4209 423 4278 praeter
447 4200 648 4277 Σκιομαχίαν,
679 4221 770 4279 quam
797 4201 914 4258 Nonius
940 4197 1007 4279 περὶ
1029 4194 1128 4275 τύφου
1150 4203 1247 4260 fuisse

128 4291 289 4384 perhibuit.
332 4305 412 4363 Nam
424 4306 510 4384 ,quod
532 4307 615 4365 XIII
636 4316 679 4379 ⁸29,
701 4320 716 4368 5
740 4305 852 4377 scribit,
875 4325 909 4364 ne
926 4312 1016 4379 plane
1033 4311 1088 4380 fiat
1106 4325 1247 4382 praecum
