2760 4890
639 1323 720 1406 VII

206 1544 360 1624 Menippi,
386 1543 488 1622 cynici
511 1541 716 1617 Gadarensis,
752 1563 843 1623 quem
863 1544 962 1604 Varro
986 1545 1120 1604 imitatus
1141 1545 1239 1622 magis

118 1671 214 1731 quam
237 1659 359 1710 secutus
380 1648 500 1724 dicitur,
525 1670 593 1709 cum
611 1651 673 1710 alia
694 1649 801 1708 harum
823 1657 990 1715 saturarum
1011 1653 1144 1730 vestigia
1163 1653 1239 1712 satis

37 1838 41 1845 .
118 1756 217 1816 multe
233 1754 426 1830 admoneant,
448 1764 512 1815 tum
527 1757 657 1816 maxime
675 1777 722 1831 ea,
740 1757 788 1814 cui
804 1756 901 1815 Varro
917 1756 996 1816 hanc
1011 1759 1238 1838 inscriptionem

517 1908 621 1958 ΤΑΦΗ
643 1909 843 1962 ΜΕΝΙΠΠΟΥ

118 2044 278 2125 praefixit,
304 2051 338 2102 ut
364 2064 421 2124 per
442 2046 584 2106 indicum
604 2048 861 2109 Varronianorum
889 2048 1022 2107 rationes
1046 2050 1144 2128 ipsum
1172 2050 1236 2108 eius

119 2152 224 2232 cynici
256 2150 403 2210 tumulum
433 2151 592 2231 probabile
620 2156 660 2215 sit
689 2155 832 2234 colloquii
860 2165 890 2215 et
918 2155 1129 2233 disputationis
1158 2176 1237 2235 quae

119 2257 179 2316 fuit
200 2257 232 2315 in
249 2255 308 2315 hac
330 2265 434 2316 satura
456 2261 646 2319 occasionem
666 2261 799 2323 dedisse.
843 2261 953 2341 Itaque
973 2261 1071 2321 Varro
1093 2261 1159 2339 ipse
1177 2259 1236 2353 hpc

119 2384 208 2423 suum
235 2362 414 2443 opusculum
441 2371 596 2444 tamquam
620 2359 778 2442 ἐπιτάφιον
798 2356 917 2445 ἀγῶνα,
943 2367 974 2424 in
995 2366 1132 2445 Menippi
1153 2365 1236 2423 haud

119 2469 212 2531 dubie
224 2470 380 2530 bonorem
403 2469 599 2546 celebratum,
621 2474 774 2556 significat
792 2475 828 2532 fr.
849 2475 888 2534 V.
924 2470 987 2532 Sed
1001 2490 1059 2528 nec
1078 2491 1146 2529 eum
1161 2490 1234 2550 quo-

118 2576 210 2636 modo
237 2576 336 2637 Varro
362 2577 530 2655 peregerit,
571 2599 588 2638 e
617 2581 754 2660 reliquiis
783 2579 958 2658 dispicitur,
992 2595 1050 2635 nec
1078 2577 1235 2635 materiam

119 2704 213 2763 quam
244 2682 429 2762 disceptavit
460 2684 557 2762 ipsam
591 2687 654 2744 suis
683 2684 863 2766 quibusdam
889 2683 1026 2743 terminis
1050 2681 1235 2740 circumscri-

117 2789 194 2849 bere
218 2788 315 2852 licuit.
367 2788 555 2848 Mercklinus
585 2791 723 2870 quidem,
758 2789 840 2871 quod
866 2783 933 2866 περὶ
963 2777 1158 2866 σπουδάρχων
1184 2785 1236 2846 vel
1319 2799 1323 2805 ’

118 2891 330 2974 camoenam
355 2901 387 2953 et
416 2912 484 2953 esse
512 2902 543 2953 et
564 2895 688 2956 inscribi
712 2895 825 2957 debere
847 2902 980 2954 saturam
1003 2894 1148 2966 coniecit,
1165 2912 1235 2959 ,nec

118 3000 182 3059 nllo
204 3018 222 3059 c
243 2998 353 3076 viginti
375 3006 517 3079 quattuor
539 3001 717 3078 fragmentis
741 2996 912 3075 adiuvatur,
936 3010 966 3060 et
980 3018 1103 3080 prorsus
1119 2997 1247 3077 fallaci,

118 3105 203 3187 quod
223 3105 303 3165 infra
322 3105 468 3186 probabo,
490 3103 603 3165 indicio
626 3109 710 3168 nisus
734 3117 790 3168 est.
836 3111 953 3188 Popma
970 3116 1071 3166 etitem
1086 3123 1153 3162 cum
1168 3124 1234 3162 eam

118 3220 255 3272 suturam
284 3210 324 3271 de
350 3220 503 3272 structura
523 3214 645 3274 aedium
668 3217 769 3293 egisse
791 3216 977 3294 suspicetur,
1005 3214 1055 3270 ‘in
1078 3230 1138 3290 qua
1159 3209 1235 3268 lauti

117 3318 257 3383 homines
279 3325 400 3396 sumptu
422 3326 453 3376 et
475 3320 701 3396 magnificentia
724 3321 846 3381 modum
872 3318 1085 3391 excederent',
1118 3323 1236 3394 partem

117 3433 238 3484 tantum
265 3422 462 3503 reliquiarum
487 3426 713 3504 complectitur,
747 3447 838 3507 quam
867 3425 926 3484 dici
950 3425 1056 3503 nequit
1084 3442 1143 3501 quo
1169 3412 1234 3480 iure

116 3529 292 3610 primariam
323 3529 418 3588 fnisse
441 3548 579 3591 censeas.
625 3531 717 3593 Certe
741 3534 910 3594 Varronem
932 3537 1055 3610 praeter
1076 3528 1159 3586 illam
1183 3547 1233 3586 ee·

117 3633 338 3695 dificandarum
368 3634 525 3696 domorum
552 3637 707 3697 licentiam
735 3639 826 3698 etiarn
859 3636 1015 3716 epularum
1043 3655 1080 3694 ac
1104 3634 1234 3693 vestitus

116 3744 308 3820 ingruentem
328 3743 478 3803 luxuriam
508 3744 645 3823 aliosque
672 3745 852 3833 recentioris
880 3744 989 3803 aetatis
1013 3741 1125 3801 ebusus
1147 3761 1233 3821 carp-

116 3850 214 3922 sisse,
249 3849 399 3929 reliquiae
427 3848 627 3928 persuadent:
663 3858 697 3907 ut
724 3853 824 3929 potius
857 3853 888 3909 in
913 3850 972 3909 hac
994 3858 1098 3909 satura
1131 3869 1233 3929 quem·

118 3953 281 4013 admodum
306 3954 338 4013 in
371 3955 438 4014 aliis
463 3956 578 4015 variam
606 3957 689 4015 vitae
716 3957 873 4017 Romanae
902 3956 1151 4037 depravationem
1180 3973 1234 4032 per

117 4079 174 4119 sua
199 4078 315 4137 genera
341 4069 521 4141 persecutus
547 4061 697 4121 videatur.
750 4063 799 4123 Of.
828 4084 905 4143 quse
937 4063 975 4123 de
1004 4069 1089 4118 Moero
1116 4061 1178 4120 dixi
1202 4080 1232 4138 p.

116 4174 160 4228 33.
206 4163 269 4224 Sed
296 4166 364 4244 ipsa
393 4168 599 4226 examinemus
626 4168 807 4243 fragmenta.
856 4169 959 4249 Atque
989 4169 1106 4227 initium
1135 4167 1232 4225 Varro

116 4271 199 4349 cepit
221 4291 240 4329 a
261 4273 377 4333 tumulo
396 4275 544 4353 Menippi,
569 4294 659 4353 quem
676 4274 725 4333 his
744 4273 882 4333 versibus
906 4273 1061 4349 designat:

967 4374 1005 4433 10
1015 4377 1029 4413 *
