2760 4890
548 329 804 378 1011111111.
1173 312 1235 376 209

119 501 153 549 ut
176 511 214 550 ex
237 491 319 550 illius
341 491 373 549 in
394 487 531 548 Tiberim
547 488 742 567 praecipitati
757 486 878 545 fortuna
892 478 1138 563 proficisceretur
1153 503 1235 542 eum-

120 620 178 680 que
207 599 306 658 exitus
335 597 437 656 evita
465 594 585 653 modum
607 602 729 673 praeter
749 601 868 652 ceteros
891 589 1044 681 probaret.
1088 591 1140 649 An
1158 591 1235 650 Var-

119 725 224 764 ronem
239 704 348 783 ipsum,
365 701 416 782 qui
432 700 555 780 quidem
571 701 601 759 in
621 698 826 779 superioribus
841 705 963 755 saturae
979 697 1116 775 partibus
1131 704 1235 775 aperte

121 812 158 870 de
182 819 280 870 semet
302 810 368 888 ipso
391 808 539 877 narravit,
564 807 594 864 in
617 806 722 864 inferis
745 814 885 885 putamus
907 804 1098 882 perterruisse
1123 801 1160 861 de
1182 821 1236 859 ue·

120 918 163 976 cis
186 915 348 994 generibus
370 911 629 991 disputationem?
673 911 781 971 Utrum
803 931 906 970 eorum
928 909 1081 989 probaris,
1113 908 1237 967 diluitur

121 1023 271 1081 concinne
303 1021 470 1099 composita
502 1017 684 1094 Sexagessis
714 1019 843 1096 species.
896 1016 978 1095 Quid
1013 1016 1092 1075 enim
1121 1034 1236 1095 quaeso

24 1112 28 1117 Ι
119 1128 173 1186 1111
196 1126 367 1187 deturbatio
389 1126 428 1185 de
451 1133 543 1204 ponte
566 1123 605 1182 ad
628 1113 776 1200 ἐξαγωγὴν
798 1123 982 1182 stoicorum?
1017 1123 1135 1181 Horum
1157 1122 1236 1179 enim

120 1233 246 1296 decreta
268 1234 458 1292 voluntariae
473 1230 578 1290 mortis
593 1248 708 1305 genera
722 1239 753 1287 et
769 1229 897 1289 consilia
913 1227 1083 1288 attinebant
1101 1226 1236 1306 (eodem-

120 1358 179 1419 que
202 1338 317 1397 ducunt
338 1337 509 1416 fragmenta
535 1329 602 1411 περὶ
631 1329 779 1411 ἐξαγωγῆς
804 1333 928 1414 citata):
965 1335 1019 1393 illa
1048 1353 1121 1393 vero
1150 1333 1236 1392 neeis

120 1443 244 1531 aliunde
272 1434 376 1502 droun
402 1443 508 1503 illatae
543 1440 663 1499 modum
699 1441 810 1515 refert,
845 1451 878 1499 nt
905 1441 1102 1518 ineptientem
1132 1441 1237 1519 utique

120 1551 290 1610 Varronem
310 1551 530 1621 nanciscamur,
555 1547 658 1625 quiex
677 1567 714 1605 ea
727 1565 993 1625 suspensamesse
1011 1546 1048 1607 de
1064 1547 1237 1606 voluntario

122 1658 204 1715 exitu
230 1657 393 1715 stoicorum
422 1655 657 1734 disputationem
685 1655 825 1714 voluerit.
880 1655 991 1732 Itaque
1018 1673 1076 1713 nec
1104 1673 1237 1712 conexus

121 1762 310 1839 Sexagessin
342 1764 420 1820 inter
456 1771 485 1820 et
513 1751 663 1839 ἐξαγωγὴν
691 1772 819 1841 apparet
852 1762 947 1833 ullus,
982 1768 1012 1818 et
1039 1757 1237 1837 pessumdan-

120 1876 170 1926 tur
201 1888 238 1927 ea
267 1868 496 1956 conglutinandi
521 1869 639 1929 ratione
668 1890 734 1928 cum
765 1870 826 1928 alia
851 1867 933 1925 belle
961 1865 1109 1925 adornata
1131 1865 1163 1923 iu
1184 1864 1239 1923 illa

121 1984 236 2046 satura,
259 1983 323 2032 tum
337 1974 466 2033 maxime
483 1996 611 2036 acumen
629 1978 693 2036 eius
709 1976 836 2046 inventi,
860 1994 920 2054 quo
936 1974 1034 2033 Varro
1052 1972 1238 2052 expromptis

122 2079 261 2138 omuibus
291 2079 328 2138 de
360 2100 506 2140 converso
534 2082 670 2143 funditus
703 2084 795 2144 Urbis
824 2089 906 2140 statu
940 2079 1073 2159 querelis
1102 2099 1135 2136 sc
1161 2088 1237 2137 tam·

122 2205 214 2264 quam
236 2185 374 2244 inutilem
397 2207 499 2245 senem
523 2187 560 2247 de
579 2197 672 2267 ponte
693 2187 889 2269 praecipitari
911 2187 1007 2264 fingit.
1054 2185 1237 2245 (11111111-

122 2290 211 2348 minis
234 2293 296 2350 vim
313 2290 465 2352 subtiliter
486 2296 691 2354 Mommsenus
718 2295 871 2374 percepit,
900 2293 951 2372 qui
974 2293 1053 2351 haec
1075 2311 1149 2351 suae
1172 2291 1237 2350 eius

122 2405 243 2456 saturae
265 2391 642 2458 restaurationi'subiecit:
680 2404 735 2458 Die
758 2403 859 2458 Slizze
880 2402 984 2474 pleiclrt
1006 2403 1058 2456 der
1080 2401 1238 2456 catilinari-

122 2505 210 2560 sclum
233 2505 302 2573 Zeu,
327 2506 494 2563 acerranos
518 2509 639 2565 celeber
662 2511 702 2564 sie
724 2511 777 2564 der
797 2513 853 2566 alte
867 2509 959 2565 Manu
979 2508 1164 2580 pesobrieben
1186 2507 1237 2563 111-

122 2613 176 2667 ben
204 2628 295 2680 mass,
326 2615 387 2668 0111
412 2628 443 2668 ec
464 2615 511 2684 101
533 2618 594 2671 cirre
625 2617 775 2672 Wobrbeit
794 2621 823 2673 in
844 2619 896 2674 der
918 2618 1021 2673 bittern
1045 2615 1244 2696 Scblussroenj

123 2719 210 2789 11119,
236 2736 278 2773 mo
294 2721 353 2774 'der
369 2720 498 2789 Marcus,
517 2725 637 2795 pcbdrip
658 2724 874 2795 arrspescholten
898 2738 992 2794 moyen
1014 2724 1110 2777 seiner
1128 2723 1238 2777 11111·

120 2827 270 2895 9101111110
294 2827 443 2899 Anlcloqcn
467 2831 527 2883 und
546 2830 780 2900 arariquuriscben
802 2832 1054 2895 Remiuiscenzen,
1084 2830 1239 2897 11111010-

122 2931 236 2986 dischcr
262 2934 449 3006 Arrwendrmp
473 2938 554 2991 einer
581 2938 695 2991 cralton
722 2938 882 2993 rdruiscbeu
911 2937 994 3004 Siue,
1022 2938 1066 2992 als
1096 2941 1240 2991 unnutzer

124 3038 208 3094 Grais
229 3039 289 3111 auf
305 3043 350 3096 die
373 3042 490 3097 Brucla
511 3043 677 3114 qescbleppt
699 3046 759 3098 arrd
780 3046 808 3100 in
831 3047 876 3100 die
901 3045 986 3100 Tiber
1005 3047 1135 3114 rectura
1157 3041 1238 3095 wird.

123 3145 166 3200 Es
189 3164 252 3200 mar
274 3148 430 3219 ollerdinps
453 3148 509 3220 sttr
534 3150 629 3204 solete
650 3148 776 3204 Mdnuer
805 3155 834 3206 io
857 3152 929 3207 Rom
952 3151 1017 3206 lcein
1041 3149 1127 3206 Plotz
1149 3147 1238 3202 mehr.

123 3248 187 3308 Sed
209 3251 398 3313 Merclrlinus
418 3262 450 3310 ut
473 3253 549 3311 haee
571 3273 631 3310 non
654 3253 774 3311 videtur
794 3256 867 3313 satis
891 3253 1112 3324 considerasse,
1131 3252 1175 3309 ita
1199 3269 1239 3310 ne

122 3341 220 3414 somni
243 3357 366 3436 quidem
380 3358 584 3436 Epinrenidei,
609 3380 684 3439 quas
707 3359 801 3418 verbo
817 3362 1023 3420 Mommsenus
1046 3356 1238 3434 significavit,

122 3461 257 3550 rationes
280 3472 438 3523 assecutus
463 3474 525 3523 ost:
557 3474 591 3523 nt
618 3466 669 3544 qui
694 3486 760 3523 oum
783 3486 918 3524 ¹somnum
941 3464 1026 3522 illum
1048 3461 1238 3541 Epimenidis

120 3567 174 3627 vel
197 3568 341 3651 similem,
363 3580 397 3628 ut
417 3570 505 3644 dicit,
527 3572 673 3630 Varronis
695 3572 807 3651 ipsius,
835 3581 898 3630 tum
921 3593 958 3629 oa
980 3592 1059 3650 quae
1082 3570 1239 3646 ingeniose

120 3675 327 3736 Mommsenus
364 3678 514 3738 ordinavit
550 3680 721 3756 fragmenta
749 3657 907 3759 01111111
934 3678 1088 3757 prooemio
1117 3683 1238 3735 saturae

119 3783 222 3860 posita
243 3784 339 3842 fuisse
362 3785 536 3845 arbitretur:
562 3789 649 3865 qnasi
674 3808 721 3859 ca,
745 3786 853 3867 quibus
869 3788 966 3846 Varro
989 3795 1050 3843 tam
1068 3782 1239 3862 praesentis

67 3931 70 3936 -
121 3890 267 3969 temporis
302 3893 333 3949 in
369 3894 448 3951 omni
478 3913 591 3969 genere
628 3894 877 3972 depravationem
906 3891 1114 3975 conqueritur,
1149 3908 1239 3967 quam

81 3973 88 3989 '
121 3996 269 4074 pristinae
298 3998 409 4057 aetatis
439 3999 629 4079 incorruptos
657 4020 755 4059 mores
782 4009 811 4058 et
838 4001 971 4060 salubria
993 3999 1130 4058 instituta
1151 4013 1238 4074 prae-

74 4159 80 4173 ,
123 4100 220 4176 dicat,
247 4125 307 4163 non
335 4105 512 4164 sufficerent
539 4106 577 4164 ad
600 4107 782 4185 explendam
805 4115 937 4166 saturam
958 4107 1049 4164 etiam
1073 4104 1147 4162 satis
1169 4123 1236 4181 pro·

121 4210 227 4285 lixam,
251 4215 413 4292 autquasi
436 4214 493 4271 hoc
517 4211 599 4292 quod
625 4212 760 4288 significo
784 4222 846 4271 tam
866 4233 972 4292 parum
996 4212 1137 4271 idoneum
1159 4218 1241 4269 esset

123 4317 334 4378 Varronianae
358 4328 479 4377 saturae
502 4318 669 4390 eonsilium,
691 4327 724 4376 ut
742 4320 833 4378 etiam
854 4319 915 4377 alia
938 4327 968 4377 et
990 4320 1091 4379 aliena
1114 4319 1238 4376 circum-
1273 4314 1285 4326 “

174 4419 307 4482 Vsunnu,
327 4419 408 4493 Cori.
423 4435 452 4469 11
466 4421 555 4470 Vara.
570 4434 630 4470 sar.
999 4421 1037 4480 14
