<?xml version="1.0" encoding="UTF-8"?>
<!DOCTYPE html PUBLIC "-//W3C//DTD XHTML 1.0 Transitional//EN"
    "http://www.w3.org/TR/xhtml1/DTD/xhtml1-transitional.dtd">
<html xmlns="http://www.w3.org/1999/xhtml" xml:lang="en" lang="en">
 <head>
  <title>
</title>
<meta http-equiv="Content-Type" content="text/html;charset=utf-8" />
  <meta name='ocr-system' content='tesseract 3.04.00' />
  <meta name='ocr-capabilities' content='ocr_page ocr_carea ocr_par ocr_line ocrx_word'/>
</head>
<body>
  <div class='ocr_page' id='page_1' title='image "./ioannisvahlenii00vahlgoog_0182.png"; bbox 0 0 2760 4890; ppageno 0'>
   <div class='ocr_carea' id='block_1_1' title="bbox 510 351 768 402">
    <p class='ocr_par' dir='ltr' id='par_1_1' title="bbox 510 351 768 402">
     <span class='ocr_line' id='line_1_1' title="bbox 510 351 768 402; baseline -0.004 -3"><span class='ocrx_word' id='word_1_1' title='bbox 510 351 768 402; x_wconf 64' lang='lat' dir='ltr'><strong>comoedum.</strong></span> 
     </span>
    </p>
   </div>
   <div class='ocr_carea' id='block_1_2' title="bbox 135 512 965 1339">
    <p class='ocr_par' dir='ltr' id='par_1_2' title="bbox 165 512 846 587">
     <span class='ocr_line' id='line_1_2' title="bbox 165 512 846 587; baseline 0.004 -19"><span class='ocrx_word' id='word_1_2' title='bbox 165 523 184 576; x_wconf 81' lang='lat'><strong>3</strong></span> <span class='ocrx_word' id='word_1_3' title='bbox 538 518 623 586; x_wconf 80' lang='lat' dir='ltr'><strong>atquc</strong></span> <span class='ocrx_word' id='word_1_4' title='bbox 646 512 846 587; x_wconf 68' lang='lat' dir='ltr'><strong>exsonpoious</strong></span> 
     </span>
    </p>

    <p class='ocr_par' dir='ltr' id='par_1_3' title="bbox 135 619 945 815">
     <span class='ocr_line' id='line_1_3' title="bbox 234 619 802 680; baseline -0.007 0"><span class='ocrx_word' id='word_1_5' title='bbox 234 665 242 680; x_wconf 92' lang='lat'><em>.</em></span> <span class='ocrx_word' id='word_1_6' title='bbox 288 664 296 679; x_wconf 90' lang='lat'><strong>.</strong></span> <span class='ocrx_word' id='word_1_7' title='bbox 340 664 349 679; x_wconf 91' lang='lat'><strong>.</strong></span> <span class='ocrx_word' id='word_1_8' title='bbox 393 656 411 678; x_wconf 88' lang='lat'><strong>.·</strong></span> <span class='ocrx_word' id='word_1_9' title='bbox 444 621 542 678; x_wconf 83' lang='lat' dir='ltr'><strong>dolore</strong></span> <span class='ocrx_word' id='word_1_10' title='bbox 562 619 704 679; x_wconf 81' lang='lat' dir='ltr'><strong>c&#39;oircscdt</strong></span> <span class='ocrx_word' id='word_1_11' title='bbox 725 622 802 678; x_wconf 83' lang='lat' dir='ltr'><strong>colos</strong></span> 
     </span>
     <span class='ocr_line' id='line_1_4' title="bbox 135 725 945 815; baseline -0.009 -26"><span class='ocrx_word' id='word_1_12' title='bbox 135 760 137 765; x_wconf 36' lang='lat' dir='ltr'>v</span> <span class='ocrx_word' id='word_1_13' title='bbox 165 736 182 790; x_wconf 79' lang='lat'><strong>2</strong></span> <span class='ocrx_word' id='word_1_14' title='bbox 236 730 308 786; x_wconf 81' lang='lat' dir='ltr'><strong>Tum</strong></span> <span class='ocrx_word' id='word_1_15' title='bbox 329 733 363 786; x_wconf 83' lang='lat' dir='ltr'><strong>ot</strong></span> <span class='ocrx_word' id='word_1_16' title='bbox 383 726 411 784; x_wconf 83' lang='grc' dir='ltr'><strong>α’</strong></span> <span class='ocrx_word' id='word_1_17' title='bbox 430 742 577 815; x_wconf 73' lang='lat' dir='ltr'><strong>supernus</strong></span> <span class='ocrx_word' id='word_1_18' title='bbox 597 725 700 782; x_wconf 80' lang='lat' dir='ltr'><strong>cortex</strong></span> <span class='ocrx_word' id='word_1_19' title='bbox 723 733 775 782; x_wconf 85' lang='lat' dir='ltr'><strong>aut</strong></span> <span class='ocrx_word' id='word_1_20' title='bbox 794 727 945 783; x_wconf 66' lang='lat' dir='ltr'><strong>cacumina</strong></span> 
     </span>
    </p>

    <p class='ocr_par' dir='ltr' id='par_1_4' title="bbox 186 808 965 907">
     <span class='ocr_line' id='line_1_5' title="bbox 186 808 965 907; baseline -0.004 -14"><span class='ocrx_word' id='word_1_21' title='bbox 186 808 189 814; x_wconf 83' lang='lat'>.</span> <span class='ocrx_word' id='word_1_22' title='bbox 232 828 406 894; x_wconf 74' lang='lat' dir='ltr'><strong>Moricnlum</strong></span> <span class='ocrx_word' id='word_1_23' title='bbox 428 839 459 892; x_wconf 82' lang='lat' dir='ltr'><strong>io</strong></span> <span class='ocrx_word' id='word_1_24' title='bbox 472 838 636 907; x_wconf 58' lang='lat' dir='ltr'><strong>‘querqueto</strong></span> <span class='ocrx_word' id='word_1_25' title='bbox 659 831 796 890; x_wconf 81' lang='lat' dir='ltr'><strong>drborum</strong></span> <span class='ocrx_word' id='word_1_26' title='bbox 819 834 965 890; x_wconf 78' lang='lat' dir='ltr'><strong>orittldine</strong></span> 
     </span>
    </p>

    <p class='ocr_par' dir='ltr' id='par_1_5' title="bbox 165 940 927 1124">
     <span class='ocr_line' id='line_1_6' title="bbox 165 940 927 1008; baseline -0.005 -6"><span class='ocrx_word' id='word_1_27' title='bbox 165 949 184 1004; x_wconf 80' lang='lat'><strong>4</strong></span> <span class='ocrx_word' id='word_1_28' title='bbox 232 942 367 1000; x_wconf 83' lang='lat' dir='ltr'><strong>Mortdlis</strong></span> <span class='ocrx_word' id='word_1_29' title='bbox 387 958 468 999; x_wconf 83' lang='lat' dir='ltr'><strong>nemo</strong></span> <span class='ocrx_word' id='word_1_30' title='bbox 491 942 627 1008; x_wconf 73' lang='lat' dir='ltr'><strong>exscidit,</strong></span> <span class='ocrx_word' id='word_1_31' title='bbox 650 941 703 996; x_wconf 79' lang='lat' dir='ltr'><strong>scd</strong></span> <span class='ocrx_word' id='word_1_32' title='bbox 723 941 780 996; x_wconf 83' lang='lat' dir='ltr'><strong>lotc</strong></span> <span class='ocrx_word' id='word_1_33' title='bbox 800 940 927 998; x_wconf 79' lang='lat' dir='ltr'><em>incolens</em></span> 
     </span>
     <span class='ocr_line' id='line_1_7' title="bbox 234 1045 895 1124; baseline -0.006 -17"><span class='ocrx_word' id='word_1_34' title='bbox 234 1049 409 1124; x_wconf 74' lang='lat' dir='ltr'><strong>Scyllm&#39;rum</strong></span> <span class='ocrx_word' id='word_1_35' title='bbox 430 1045 612 1120; x_wconf 78' lang='lat' dir='ltr'><strong>inhospitalis</strong></span> <span class='ocrx_word' id='word_1_36' title='bbox 634 1048 745 1118; x_wconf 83' lang='lat' dir='ltr'><strong>campis</strong></span> <span class='ocrx_word' id='word_1_37' title='bbox 767 1046 895 1105; x_wconf 70' lang='lat' dir='ltr'><strong>adtritos.</strong></span> 
     </span>
    </p>

    <p class='ocr_par' dir='ltr' id='par_1_6' title="bbox 165 1153 941 1339">
     <span class='ocr_line' id='line_1_8' title="bbox 165 1153 941 1230; baseline -0.012 -9"><span class='ocrx_word' id='word_1_38' title='bbox 165 1169 182 1221; x_wconf 82' lang='lat'>5</span> <span class='ocrx_word' id='word_1_39' title='bbox 232 1157 316 1216; x_wconf 76' lang='lat' dir='ltr'><strong>Levis</strong></span> <span class='ocrx_word' id='word_1_40' title='bbox 334 1173 413 1215; x_wconf 82' lang='lat' dir='ltr'><strong>mens</strong></span> <span class='ocrx_word' id='word_1_41' title='bbox 429 1174 589 1230; x_wconf 77' lang='lat' dir='ltr'><strong>numquam</strong></span> <span class='ocrx_word' id='word_1_42' title='bbox 607 1156 782 1212; x_wconf 78' lang='lat' dir='ltr'><strong>edmnornac</strong></span> <span class='ocrx_word' id='word_1_43' title='bbox 802 1153 941 1229; x_wconf 72' lang='lat' dir='ltr'><strong>imdqines</strong></span> 
     </span>
     <span class='ocr_line' id='line_1_9' title="bbox 233 1263 926 1339; baseline -0.007 -17"><span class='ocrx_word' id='word_1_44' title='bbox 233 1264 377 1339; x_wconf 66' lang='grc' dir='ltr'><strong>Ασίάταν,</strong></span> <span class='ocrx_word' id='word_1_45' title='bbox 399 1281 456 1321; x_wconf 85' lang='lat' dir='ltr'><strong>non</strong></span> <span class='ocrx_word' id='word_1_46' title='bbox 474 1264 645 1322; x_wconf 80' lang='lat' dir='ltr'><strong>umbrdntur</strong></span> <span class='ocrx_word' id='word_1_47' title='bbox 668 1280 766 1321; x_wconf 83' lang='lat' dir='ltr'><strong>somno</strong></span> <span class='ocrx_word' id='word_1_48' title='bbox 786 1263 926 1334; x_wconf 72' lang='lat' dir='ltr'><strong>populea.</strong></span> 
     </span>
    </p>
   </div>
   <div class='ocr_carea' id='block_1_3' title="bbox 80 1396 1296 1480">
    <p class='ocr_par' dir='ltr' id='par_1_7' title="bbox 80 1396 1296 1480">
     <span class='ocr_line' id='line_1_10' title="bbox 80 1396 1296 1480; baseline -0.002 -19"><span class='ocrx_word' id='word_1_49' title='bbox 80 1401 201 1480; x_wconf 80' lang='lat' dir='ltr'>Quibus</span> <span class='ocrx_word' id='word_1_50' title='bbox 231 1401 263 1460; x_wconf 94' lang='lat' dir='ltr'><strong>in</strong></span> <span class='ocrx_word' id='word_1_51' title='bbox 293 1408 435 1478; x_wconf 88' lang='lat' dir='ltr'><strong>promptu</strong></span> <span class='ocrx_word' id='word_1_52' title='bbox 465 1407 535 1459; x_wconf 87' lang='lat' dir='ltr'><strong>sunt</strong></span> <span class='ocrx_word' id='word_1_53' title='bbox 564 1418 604 1458; x_wconf 83' lang='lat' dir='ltr'><strong>ex</strong></span> <span class='ocrx_word' id='word_1_54' title='bbox 633 1399 699 1478; x_wconf 86' lang='lat' dir='ltr'><strong>ipso</strong></span> <span class='ocrx_word' id='word_1_55' title='bbox 721 1399 826 1457; x_wconf 89' lang='lat' dir='ltr'><strong>limine</strong></span> <span class='ocrx_word' id='word_1_56' title='bbox 849 1396 974 1458; x_wconf 88' lang='lat' dir='ltr'><strong>fabulae</strong></span> <span class='ocrx_word' id='word_1_57' title='bbox 997 1397 1201 1480; x_wconf 89' lang='lat' dir='ltr'><strong>Aeschyleae‚</strong></span> <span class='ocrx_word' id='word_1_58' title='bbox 1293 1460 1296 1465; x_wconf 76' lang='grc'><strong>,</strong></span> 
     </span>
    </p>
   </div>
   <div class='ocr_carea' id='block_1_4' title="bbox 80 1495 956 1708">
    <p class='ocr_par' dir='ltr' id='par_1_8' title="bbox 80 1495 956 1708">
     <span class='ocr_line' id='line_1_11' title="bbox 81 1495 607 1589; baseline -0.004 -21"><span class='ocrx_word' id='word_1_59' title='bbox 81 1527 163 1589; x_wconf 85' lang='lat' dir='ltr'><strong>quae</strong></span> <span class='ocrx_word' id='word_1_60' title='bbox 186 1527 248 1567; x_wconf 92' lang='lat' dir='ltr'><strong>non</strong></span> <span class='ocrx_word' id='word_1_61' title='bbox 270 1495 374 1586; x_wconf 87' lang='lat' dir='ltr'><strong>inepte</strong></span> <span class='ocrx_word' id='word_1_62' title='bbox 397 1507 607 1566; x_wconf 86' lang='lat' dir='ltr'><strong>conferantur:</strong></span> 
     </span>
     <span class='ocr_line' id='line_1_12' title="bbox 80 1590 956 1708; baseline -0.006 -18"><span class='ocrx_word' id='word_1_63' title='bbox 80 1652 109 1690; x_wconf 91' lang='lat' dir='ltr'><strong>v.</strong></span> <span class='ocrx_word' id='word_1_64' title='bbox 132 1639 150 1693; x_wconf 75' lang='lat'><strong>2</strong></span> <span class='ocrx_word' id='word_1_65' title='bbox 179 1590 185 1599; x_wconf 24' lang='lat' dir='ltr'><strong>l</strong></span> <span class='ocrx_word' id='word_1_66' title='bbox 286 1619 417 1704; x_wconf 79' lang='grc' dir='ltr'><strong><em>Σκύθην</em></strong></span> <span class='ocrx_word' id='word_1_67' title='bbox 440 1624 469 1701; x_wconf 80' lang='grc' dir='ltr'><strong>ἐς</strong></span> <span class='ocrx_word' id='word_1_68' title='bbox 486 1621 587 1708; x_wconf 81' lang='grc' dir='ltr'><em>οἶμον,</em></span> <span class='ocrx_word' id='word_1_69' title='bbox 612 1620 738 1707; x_wconf 72' lang='grc' dir='ltr'><em>ἅβραεον</em></span> <span class='ocrx_word' id='word_1_70' title='bbox 761 1624 802 1698; x_wconf 81' lang='grc' dir='ltr'><strong>εἰς</strong></span> <span class='ocrx_word' id='word_1_71' title='bbox 823 1621 956 1704; x_wconf 66' lang='grc' dir='ltr'><em>ἐρημίαν.</em></span> 
     </span>
    </p>
   </div>
   <div class='ocr_carea' id='block_1_5' title="bbox 76 1739 1280 3782">
    <p class='ocr_par' dir='ltr' id='par_1_9' title="bbox 79 1739 948 1835">
     <span class='ocr_line' id='line_1_13' title="bbox 79 1739 948 1835; baseline -0.003 -25"><span class='ocrx_word' id='word_1_72' title='bbox 79 1775 129 1815; x_wconf 80' lang='lat' dir='ltr'><strong>vv.</strong></span> <span class='ocrx_word' id='word_1_73' title='bbox 143 1763 178 1819; x_wconf 86' lang='grc'><strong>19</strong></span> <span class='ocrx_word' id='word_1_74' title='bbox 190 1773 258 1835; x_wconf 80' lang='lat' dir='ltr'><strong>sqq.</strong></span> <span class='ocrx_word' id='word_1_75' title='bbox 286 1741 400 1810; x_wconf 71' lang='grc' dir='ltr'><em>ἅπαντα</em></span> <span class='ocrx_word' id='word_1_76' title='bbox 419 1739 447 1808; x_wconf 89' lang='grc' dir='ltr'><strong>σ’</strong></span> <span class='ocrx_word' id='word_1_77' title='bbox 469 1742 552 1812; x_wconf 77' lang='lat' dir='ltr'><strong>dixero</strong></span> <span class='ocrx_word' id='word_1_78' title='bbox 573 1743 727 1822; x_wconf 77' lang='grc' dir='ltr'><em>δυσλύτοις</em></span> <span class='ocrx_word' id='word_1_79' title='bbox 750 1740 948 1827; x_wconf 77' lang='grc' dir='ltr'><em>χαλκεύμασιν</em></span> 
     </span>
    </p>

    <p class='ocr_par' dir='ltr' id='par_1_10' title="bbox 283 1848 987 1942">
     <span class='ocr_line' id='line_1_14' title="bbox 283 1848 987 1942; baseline -0.003 -26"><span class='ocrx_word' id='word_1_80' title='bbox 283 1850 551 1932; x_wconf 79' lang='grc' dir='ltr'><em>προσπασσαλεύσω</em></span> <span class='ocrx_word' id='word_1_81' title='bbox 572 1848 645 1942; x_wconf 77' lang='grc' dir='ltr'><strong>τῷδ’</strong></span> <span class='ocrx_word' id='word_1_82' title='bbox 668 1849 867 1938; x_wconf 73' lang='grc' dir='ltr'><em>ἀπανθρώπῳ</em></span> <span class='ocrx_word' id='word_1_83' title='bbox 890 1849 987 1938; x_wconf 80' lang='grc' dir='ltr'><em>πάγῳ,</em></span> 
     </span>
    </p>

    <p class='ocr_par' dir='ltr' id='par_1_11' title="bbox 270 1945 985 2040">
     <span class='ocr_line' id='line_1_15' title="bbox 270 1945 985 2040; baseline -0.003 -17"><span class='ocrx_word' id='word_1_84' title='bbox 270 1953 325 2031; x_wconf 68' lang='grc' dir='ltr'><strong>,ἵν’</strong></span> <span class='ocrx_word' id='word_1_85' title='bbox 348 1953 417 2022; x_wconf 79' lang='grc' dir='ltr'><em>οὕτε</em></span> <span class='ocrx_word' id='word_1_86' title='bbox 440 1957 546 2040; x_wconf 81' lang='grc' dir='ltr'><em>φωνὴν</em></span> <span class='ocrx_word' id='word_1_87' title='bbox 567 1954 635 2023; x_wconf 79' lang='lat' dir='ltr'><strong>oiics</strong></span> <span class='ocrx_word' id='word_1_88' title='bbox 657 1983 709 2023; x_wconf 78' lang='lat' dir='ltr'><strong>coo</strong></span> <span class='ocrx_word' id='word_1_89' title='bbox 730 1951 850 2040; x_wconf 72' lang='grc' dir='ltr'><strong><em>μορφὴν</em></strong></span> <span class='ocrx_word' id='word_1_90' title='bbox 870 1945 985 2040; x_wconf 70' lang='lat' dir='ltr'><strong>{ipsanio</strong></span> 
     </span>
    </p>

    <p class='ocr_par' dir='ltr' id='par_1_12' title="bbox 76 2058 1280 3636">
     <span class='ocr_line' id='line_1_16' title="bbox 284 2058 862 2146; baseline 0 -17"><span class='ocrx_word' id='word_1_91' title='bbox 284 2060 364 2146; x_wconf 79' lang='grc' dir='ltr'><strong><em>ὄψει.</em></strong></span> <span class='ocrx_word' id='word_1_92' title='bbox 858 2058 862 2064; x_wconf 54' lang='grc'><strong>’</strong></span> 
     </span>
     <span class='ocr_line' id='line_1_17' title="bbox 81 2163 1200 2270; baseline -0.003 -19"><span class='ocrx_word' id='word_1_93' title='bbox 81 2192 120 2251; x_wconf 85' lang='lat' dir='ltr'><strong>cf.</strong></span> <span class='ocrx_word' id='word_1_94' title='bbox 151 2201 187 2255; x_wconf 74' lang='grc'><strong>31</strong></span> <span class='ocrx_word' id='word_1_95' title='bbox 212 2209 264 2270; x_wconf 79' lang='lat' dir='ltr'><strong>sq.</strong></span> <span class='ocrx_word' id='word_1_96' title='bbox 292 2189 331 2249; x_wconf 74' lang='lat' dir='ltr'><strong>al.</strong></span> <span class='ocrx_word' id='word_1_97' title='bbox 376 2163 633 2250; x_wconf 81' lang='lat' dir='ltr'><strong>Varronianorum</strong></span> <span class='ocrx_word' id='word_1_98' title='bbox 656 2191 744 2267; x_wconf 85' lang='lat' dir='ltr'><strong>tetigi</strong></span> <span class='ocrx_word' id='word_1_99' title='bbox 768 2188 820 2247; x_wconf 88' lang='lat' dir='ltr'><strong>frr.</strong></span> <span class='ocrx_word' id='word_1_100' title='bbox 848 2165 921 2249; x_wconf 52' lang='lat' dir='ltr'><strong>lfr.</strong></span> <span class='ocrx_word' id='word_1_101' title='bbox 944 2199 960 2251; x_wconf 88' lang='lat'>5</span> <span class='ocrx_word' id='word_1_102' title='bbox 987 2168 1079 2270; x_wconf 89' lang='lat' dir='ltr'><strong>supra</strong></span> <span class='ocrx_word' id='word_1_103' title='bbox 1103 2211 1133 2269; x_wconf 90' lang='lat' dir='ltr'><strong>p.</strong></span> <span class='ocrx_word' id='word_1_104' title='bbox 1157 2201 1200 2255; x_wconf 83' lang='lat'><strong>56,</strong></span> 
     </span>
     <span class='ocr_line' id='line_1_18' title="bbox 80 2277 1201 2376; baseline 0.002 -21"><span class='ocrx_word' id='word_1_105' title='bbox 80 2306 124 2362; x_wconf 85' lang='lat'><strong>94.</strong></span> <span class='ocrx_word' id='word_1_106' title='bbox 144 2306 190 2361; x_wconf 84' lang='lat'><strong>69.</strong></span> <span class='ocrx_word' id='word_1_107' title='bbox 235 2297 286 2355; x_wconf 75' lang='lat' dir='ltr'><strong>rr.</strong></span> <span class='ocrx_word' id='word_1_108' title='bbox 312 2305 330 2359; x_wconf 80' lang='lat'><strong>3</strong></span> <span class='ocrx_word' id='word_1_109' title='bbox 358 2295 465 2376; x_wconf 80' lang='lat' dir='ltr'><strong>scripsi</strong></span> <span class='ocrx_word' id='word_1_110' title='bbox 493 2295 748 2376; x_wconf 87' lang='lat' dir='ltr'><strong>quemadmodum</strong></span> <span class='ocrx_word' id='word_1_111' title='bbox 773 2277 964 2354; x_wconf 81' lang='lat' dir='ltr'><strong>Ribbeckius</strong></span> <span class='ocrx_word' id='word_1_112' title='bbox 989 2299 1147 2358; x_wconf 88' lang='lat' dir='ltr'><strong>constituit</strong></span> <span class='ocrx_word' id='word_1_113' title='bbox 1169 2301 1201 2358; x_wconf 88' lang='lat' dir='ltr'><strong>in</strong></span> 
     </span>
     <span class='ocr_line' id='line_1_19' title="bbox 79 2401 1201 2492; baseline 0 -29"><span class='ocrx_word' id='word_1_114' title='bbox 79 2403 266 2480; x_wconf 78' lang='lat' dir='ltr'><strong>tragicorum</strong></span> <span class='ocrx_word' id='word_1_115' title='bbox 297 2401 459 2461; x_wconf 85' lang='lat' dir='ltr'><strong>latinorum</strong></span> <span class='ocrx_word' id='word_1_116' title='bbox 489 2403 628 2492; x_wconf 79' lang='lat' dir='ltr'><strong>reliquiis</strong></span> <span class='ocrx_word' id='word_1_117' title='bbox 655 2423 686 2482; x_wconf 88' lang='lat' dir='ltr'><strong>p.</strong></span> <span class='ocrx_word' id='word_1_118' title='bbox 714 2412 780 2477; x_wconf 79' lang='lat'>302,</span> <span class='ocrx_word' id='word_1_119' title='bbox 820 2405 872 2482; x_wconf 91' lang='lat' dir='ltr'><strong>qui</strong></span> <span class='ocrx_word' id='word_1_120' title='bbox 903 2423 921 2461; x_wconf 91' lang='lat' dir='ltr'><strong>a</strong></span> <span class='ocrx_word' id='word_1_121' title='bbox 949 2402 1086 2462; x_wconf 90' lang='lat' dir='ltr'><strong>Varrone</strong></span> <span class='ocrx_word' id='word_1_122' title='bbox 1114 2413 1201 2483; x_wconf 88' lang='lat' dir='ltr'><strong>putat</strong></span> 
     </span>
     <span class='ocr_line' id='line_1_20' title="bbox 79 2507 1199 2572; baseline 0.004 -4"><span class='ocrx_word' id='word_1_123' title='bbox 79 2529 173 2569; x_wconf 88' lang='lat' dir='ltr'><strong>unum</strong></span> <span class='ocrx_word' id='word_1_124' title='bbox 198 2515 230 2569; x_wconf 84' lang='lat' dir='ltr'><strong>et</strong></span> <span class='ocrx_word' id='word_1_125' title='bbox 263 2508 391 2568; x_wconf 86' lang='lat' dir='ltr'><strong>alterum</strong></span> <span class='ocrx_word' id='word_1_126' title='bbox 422 2529 545 2568; x_wconf 86' lang='lat' dir='ltr'><strong>versum</strong></span> <span class='ocrx_word' id='word_1_127' title='bbox 572 2528 612 2567; x_wconf 86' lang='lat' dir='ltr'><strong>ex</strong></span> <span class='ocrx_word' id='word_1_128' title='bbox 640 2507 720 2567; x_wconf 85' lang='lat' dir='ltr'><strong>Attii</strong></span> <span class='ocrx_word' id='word_1_129' title='bbox 747 2511 928 2569; x_wconf 89' lang='lat' dir='ltr'><strong>Prometheo</strong></span> <span class='ocrx_word' id='word_1_130' title='bbox 962 2510 1089 2569; x_wconf 86' lang='lat' dir='ltr'><strong>ascitum</strong></span> <span class='ocrx_word' id='word_1_131' title='bbox 1120 2531 1199 2572; x_wconf 81' lang='lat' dir='ltr'><strong>esse.</strong></span> 
     </span>
     <span class='ocr_line' id='line_1_21' title="bbox 78 2615 1202 2696; baseline 0.002 -21"><span class='ocrx_word' id='word_1_132' title='bbox 78 2617 141 2675; x_wconf 91' lang='lat' dir='ltr'><strong>Pro</strong></span> <span class='ocrx_word' id='word_1_133' title='bbox 162 2617 362 2690; x_wconf 70' lang='lat' dir='ltr'><strong>exsonpuilus</strong></span> <span class='ocrx_word' id='word_1_134' title='bbox 384 2635 424 2674; x_wconf 93' lang='lat' dir='ltr'><strong>ne</strong></span> <span class='ocrx_word' id='word_1_135' title='bbox 451 2615 519 2694; x_wconf 89' lang='lat' dir='ltr'><strong>quis</strong></span> <span class='ocrx_word' id='word_1_136' title='bbox 544 2620 690 2690; x_wconf 72' lang='lat' dir='ltr'><strong>cxsonpoi</strong></span> <span class='ocrx_word' id='word_1_137' title='bbox 713 2615 861 2693; x_wconf 81' lang='lat' dir='ltr'><strong>singulari</strong></span> <span class='ocrx_word' id='word_1_138' title='bbox 890 2625 1051 2693; x_wconf 82' lang='lat' dir='ltr'>expectet,</span> <span class='ocrx_word' id='word_1_139' title='bbox 1081 2626 1202 2696; x_wconf 85' lang='lat' dir='ltr'><strong>poterat</strong></span> 
     </span>
     <span class='ocr_line' id='line_1_22' title="bbox 78 2711 1199 2801; baseline 0.003 -20"><span class='ocrx_word' id='word_1_140' title='bbox 78 2722 131 2783; x_wconf 87' lang='lat' dir='ltr'><strong>vel</strong></span> <span class='ocrx_word' id='word_1_141' title='bbox 151 2712 351 2800; x_wconf 79' lang='lat' dir='ltr'><strong>praeinissum</strong></span> <span class='ocrx_word' id='word_1_142' title='bbox 373 2740 441 2780; x_wconf 88' lang='lat' dir='ltr'><strong>esse</strong></span> <span class='ocrx_word' id='word_1_143' title='bbox 462 2722 514 2780; x_wconf 88' lang='lat' dir='ltr'><strong>vel</strong></span> <span class='ocrx_word' id='word_1_144' title='bbox 535 2723 624 2801; x_wconf 87' lang='lat' dir='ltr'><strong>sequi</strong></span> <span class='ocrx_word' id='word_1_145' title='bbox 652 2741 712 2780; x_wconf 86' lang='lat' dir='ltr'><strong>vox</strong></span> <span class='ocrx_word' id='word_1_146' title='bbox 739 2720 820 2779; x_wconf 91' lang='lat' dir='ltr'><strong>unde</strong></span> <span class='ocrx_word' id='word_1_147' title='bbox 849 2720 926 2780; x_wconf 93' lang='lat' dir='ltr'><strong>illud</strong></span> <span class='ocrx_word' id='word_1_148' title='bbox 954 2711 1126 2800; x_wconf 84' lang='lat' dir='ltr'><strong>pendebat,</strong></span> <span class='ocrx_word' id='word_1_149' title='bbox 1147 2746 1199 2785; x_wconf 87' lang='lat' dir='ltr'><strong>ve-</strong></span> 
     </span>
     <span class='ocr_line' id='line_1_23' title="bbox 78 2806 1280 2908; baseline 0.004 -22"><span class='ocrx_word' id='word_1_150' title='bbox 78 2827 127 2888; x_wconf 87' lang='lat' dir='ltr'><strong>lut</strong></span> <span class='ocrx_word' id='word_1_151' title='bbox 153 2829 287 2887; x_wconf 78' lang='lat' dir='ltr'><strong>membris</strong></span> <span class='ocrx_word' id='word_1_152' title='bbox 313 2827 364 2886; x_wconf 89' lang='lat' dir='ltr'><strong>vel</strong></span> <span class='ocrx_word' id='word_1_153' title='bbox 387 2832 518 2888; x_wconf 81' lang='lat' dir='ltr'><strong>ortubus.</strong></span> <span class='ocrx_word' id='word_1_154' title='bbox 560 2829 622 2888; x_wconf 91' lang='lat' dir='ltr'><strong>Pro</strong></span> <span class='ocrx_word' id='word_1_155' title='bbox 643 2833 784 2888; x_wconf 81' lang='lat' dir='ltr'><strong>coircscat</strong></span> <span class='ocrx_word' id='word_1_156' title='bbox 806 2827 837 2886; x_wconf 90' lang='lat' dir='ltr'><strong>in</strong></span> <span class='ocrx_word' id='word_1_157' title='bbox 855 2826 1001 2888; x_wconf 87' lang='lat' dir='ltr'><strong>Leidensi</strong></span> <span class='ocrx_word' id='word_1_158' title='bbox 1023 2829 1071 2908; x_wconf 82' lang='lat' dir='ltr'><strong>bie</strong></span> <span class='ocrx_word' id='word_1_159' title='bbox 1092 2836 1201 2890; x_wconf 82' lang='lat' dir='ltr'><strong>eiures·</strong></span> <span class='ocrx_word' id='word_1_160' title='bbox 1275 2806 1280 2810; x_wconf 33' lang='grc'><strong>’</strong></span> 
     </span>
     <span class='ocr_line' id='line_1_24' title="bbox 77 2914 1202 3017; baseline 0.001 -22"><span class='ocrx_word' id='word_1_161' title='bbox 77 2943 127 2995; x_wconf 86' lang='lat' dir='ltr'><strong>cat</strong></span> <span class='ocrx_word' id='word_1_162' title='bbox 150 2934 322 2995; x_wconf 85' lang='lat' dir='ltr'>exhibetur.</span> <span class='ocrx_word' id='word_1_163' title='bbox 353 2914 536 3013; x_wconf 83' lang='lat' dir='ltr'><strong>¹Segreguri</strong></span> <span class='ocrx_word' id='word_1_164' title='bbox 557 2944 659 2995; x_wconf 89' lang='lat' dir='ltr'><strong>autem</strong></span> <span class='ocrx_word' id='word_1_165' title='bbox 681 2934 719 2994; x_wconf 91' lang='lat' dir='ltr'><strong>ab</strong></span> <span class='ocrx_word' id='word_1_166' title='bbox 742 2933 804 2992; x_wconf 92' lang='lat' dir='ltr'><strong>illis</strong></span> <span class='ocrx_word' id='word_1_167' title='bbox 823 2931 1010 3006; x_wconf 73' lang='lat' dir='ltr'><strong>debellati,</strong></span> <span class='ocrx_word' id='word_1_168' title='bbox 1034 2935 1115 3017; x_wconf 92' lang='lat' dir='ltr'><strong>quod</strong></span> <span class='ocrx_word' id='word_1_169' title='bbox 1130 2937 1202 2996; x_wconf 93' lang='lat' dir='ltr'><strong>huic</strong></span> 
     </span>
     <span class='ocr_line' id='line_1_25' title="bbox 79 3039 1202 3119; baseline -0.003 -17"><span class='ocrx_word' id='word_1_170' title='bbox 79 3041 202 3102; x_wconf 90' lang='lat' dir='ltr'><strong>omnino</strong></span> <span class='ocrx_word' id='word_1_171' title='bbox 223 3049 345 3102; x_wconf 81' lang='lat' dir='ltr'><strong>saturae</strong></span> <span class='ocrx_word' id='word_1_172' title='bbox 363 3061 423 3100; x_wconf 93' lang='lat' dir='ltr'><strong>non</strong></span> <span class='ocrx_word' id='word_1_173' title='bbox 445 3042 560 3102; x_wconf 89' lang='lat' dir='ltr'><strong>maiore</strong></span> <span class='ocrx_word' id='word_1_174' title='bbox 581 3040 641 3101; x_wconf 91' lang='lat' dir='ltr'><strong>fide</strong></span> <span class='ocrx_word' id='word_1_175' title='bbox 663 3039 846 3100; x_wconf 78' lang='lat' dir='ltr'><strong>adscribitur</strong></span> <span class='ocrx_word' id='word_1_176' title='bbox 873 3061 963 3119; x_wconf 90' lang='lat' dir='ltr'><strong>quam</strong></span> <span class='ocrx_word' id='word_1_177' title='bbox 991 3041 1028 3100; x_wconf 89' lang='lat' dir='ltr'><strong>fr.</strong></span> <span class='ocrx_word' id='word_1_178' title='bbox 1050 3051 1077 3105; x_wconf 82' lang='lat'><strong>7.</strong></span> <span class='ocrx_word' id='word_1_179' title='bbox 1121 3042 1202 3102; x_wconf 89' lang='lat' dir='ltr'><strong>Vide</strong></span> 
     </span>
     <span class='ocr_line' id='line_1_26' title="bbox 79 3145 1235 3224; baseline 0 -15"><span class='ocrx_word' id='word_1_180' title='bbox 79 3147 119 3209; x_wconf 90' lang='lat' dir='ltr'><strong>de</strong></span> <span class='ocrx_word' id='word_1_181' title='bbox 139 3148 193 3209; x_wconf 89' lang='lat' dir='ltr'><strong>illo</strong></span> <span class='ocrx_word' id='word_1_182' title='bbox 215 3148 255 3208; x_wconf 88' lang='lat' dir='ltr'><strong>H.</strong></span> <span class='ocrx_word' id='word_1_183' title='bbox 277 3148 377 3208; x_wconf 90' lang='lat' dir='ltr'><strong>Keilii</strong></span> <span class='ocrx_word' id='word_1_184' title='bbox 400 3146 628 3207; x_wconf 77' lang='lat' dir='ltr'><strong>adnotationem</strong></span> <span class='ocrx_word' id='word_1_185' title='bbox 657 3146 697 3205; x_wconf 78' lang='lat' dir='ltr'><strong>ad</strong></span> <span class='ocrx_word' id='word_1_186' title='bbox 714 3145 901 3206; x_wconf 83' lang='lat' dir='ltr'><strong>Diomedem</strong></span> <span class='ocrx_word' id='word_1_187' title='bbox 930 3166 960 3224; x_wconf 86' lang='lat' dir='ltr'><strong>p·</strong></span> <span class='ocrx_word' id='word_1_188' title='bbox 985 3159 1051 3212; x_wconf 83' lang='lat'>395:</span> <span class='ocrx_word' id='word_1_189' title='bbox 1083 3148 1201 3209; x_wconf 91' lang='lat' dir='ltr'><strong>dehoc</strong></span> <span class='ocrx_word' id='word_1_190' title='bbox 1232 3148 1235 3153; x_wconf 75' lang='grc'><strong>’</strong></span> 
     </span>
     <span class='ocr_line' id='line_1_27' title="bbox 78 3253 1199 3333; baseline -0.003 -16"><span class='ocrx_word' id='word_1_191' title='bbox 78 3257 239 3317; x_wconf 87' lang='lat' dir='ltr'><strong>inventum</strong></span> <span class='ocrx_word' id='word_1_192' title='bbox 265 3255 307 3314; x_wconf 72' lang='lat' dir='ltr'><strong>M:</strong></span> <span class='ocrx_word' id='word_1_193' title='bbox 336 3254 458 3314; x_wconf 84' lang='lat' dir='ltr'><strong>Hertnii</strong></span> <span class='ocrx_word' id='word_1_194' title='bbox 494 3255 880 3328; x_wconf 71' lang='lat' dir='ltr'><strong>(philolooisclr-lclinisclzcr</strong></span> <span class='ocrx_word' id='word_1_195' title='bbox 908 3255 1056 3329; x_wconf 70' lang='lat' dir='ltr'><strong>Streiszup</strong></span> <span class='ocrx_word' id='word_1_196' title='bbox 1083 3259 1120 3333; x_wconf 68' lang='lat' dir='ltr'><strong>p:</strong></span> <span class='ocrx_word' id='word_1_197' title='bbox 1142 3253 1199 3332; x_wconf 77' lang='lat'>28).</span> 
     </span>
     <span class='ocr_line' id='line_1_28' title="bbox 78 3359 1199 3442; baseline 0 -22"><span class='ocrx_word' id='word_1_198' title='bbox 78 3361 106 3420; x_wconf 82' lang='grc' dir='ltr'>Ε</span> <span class='ocrx_word' id='word_1_199' title='bbox 129 3360 257 3442; x_wconf 82' lang='lat' dir='ltr'><strong>reliquis</strong></span> <span class='ocrx_word' id='word_1_200' title='bbox 276 3362 342 3421; x_wconf 82' lang='lat' dir='ltr'><strong>eius</strong></span> <span class='ocrx_word' id='word_1_201' title='bbox 362 3368 483 3419; x_wconf 85' lang='lat' dir='ltr'><strong>saturae</strong></span> <span class='ocrx_word' id='word_1_202' title='bbox 505 3359 695 3437; x_wconf 81' lang='lat' dir='ltr'><strong>fragmentis,</strong></span> <span class='ocrx_word' id='word_1_203' title='bbox 719 3380 799 3440; x_wconf 89' lang='lat' dir='ltr'><strong>quae</strong></span> <span class='ocrx_word' id='word_1_204' title='bbox 815 3380 962 3439; x_wconf 86' lang='lat' dir='ltr'><strong>perquam</strong></span> <span class='ocrx_word' id='word_1_205' title='bbox 983 3360 1086 3419; x_wconf 90' lang='lat' dir='ltr'><strong>iocose</strong></span> <span class='ocrx_word' id='word_1_206' title='bbox 1104 3361 1199 3420; x_wconf 90' lang='lat' dir='ltr'><strong>homi·</strong></span> 
     </span>
     <span class='ocr_line' id='line_1_29' title="bbox 76 3465 1200 3547; baseline -0.003 -18"><span class='ocrx_word' id='word_1_207' title='bbox 76 3489 134 3528; x_wconf 87' lang='lat' dir='ltr'><strong>nes</strong></span> <span class='ocrx_word' id='word_1_208' title='bbox 152 3468 350 3547; x_wconf 83' lang='lat' dir='ltr'><strong>effingentem</strong></span> <span class='ocrx_word' id='word_1_209' title='bbox 367 3466 584 3527; x_wconf 89' lang='lat' dir='ltr'><strong>Prometheum</strong></span> <span class='ocrx_word' id='word_1_210' title='bbox 603 3465 782 3546; x_wconf 84' lang='lat' dir='ltr'><strong>depingunt,</strong></span> <span class='ocrx_word' id='word_1_211' title='bbox 801 3465 893 3526; x_wconf 86' lang='lat' dir='ltr'><strong>valde</strong></span> <span class='ocrx_word' id='word_1_212' title='bbox 910 3465 1041 3525; x_wconf 91' lang='lat' dir='ltr'><strong>ridiculo</strong></span> <span class='ocrx_word' id='word_1_213' title='bbox 1058 3468 1200 3546; x_wconf 87' lang='lat' dir='ltr'><strong>exemplo</strong></span> 
     </span>
     <span class='ocr_line' id='line_1_30' title="bbox 77 3573 349 3636; baseline 0 0"><span class='ocrx_word' id='word_1_214' title='bbox 77 3575 234 3636; x_wconf 82' lang='lat' dir='ltr'><strong>Oehlerus</strong></span> <span class='ocrx_word' id='word_1_215' title='bbox 258 3573 293 3633; x_wconf 89' lang='lat' dir='ltr'><strong>fr.</strong></span> <span class='ocrx_word' id='word_1_216' title='bbox 315 3584 349 3636; x_wconf 87' lang='lat'><strong>10</strong></span> 
     </span>
    </p>

    <p class='ocr_par' dir='ltr' id='par_1_13' title="bbox 233 3682 1141 3782">
     <span class='ocr_line' id='line_1_31' title="bbox 233 3682 1141 3782; baseline -0.001 -42"><span class='ocrx_word' id='word_1_217' title='bbox 233 3684 413 3782; x_wconf 63' lang='lat' dir='ltr'><strong>Retrimcnto</strong></span> <span class='ocrx_word' id='word_1_218' title='bbox 434 3683 490 3740; x_wconf 81' lang='lat' dir='ltr'><strong>cibi</strong></span> <span class='ocrx_word' id='word_1_219' title='bbox 511 3698 569 3754; x_wconf 86' lang='lat' dir='ltr'><strong>quo</strong></span> <span class='ocrx_word' id='word_1_220' title='bbox 591 3682 708 3738; x_wconf 76' lang='lat' dir='ltr'><strong>accirent</strong></span> <span class='ocrx_word' id='word_1_221' title='bbox 724 3697 783 3754; x_wconf 78' lang='lat' dir='ltr'><strong>per</strong></span> <span class='ocrx_word' id='word_1_222' title='bbox 796 3684 940 3754; x_wconf 82' lang='lat' dir='ltr'><strong>posticum</strong></span> <span class='ocrx_word' id='word_1_223' title='bbox 961 3685 1061 3740; x_wconf 80' lang='lat' dir='ltr'><strong>vallem</strong></span> <span class='ocrx_word' id='word_1_224' title='bbox 1079 3683 1141 3757; x_wconf 83' lang='lat' dir='ltr'><strong>foci</strong></span> 
     </span>
    </p>
   </div>
   <div class='ocr_carea' id='block_1_6' title="bbox 78 3801 1200 3981">
    <p class='ocr_par' dir='ltr' id='par_1_14' title="bbox 78 3801 1200 3981">
     <span class='ocr_line' id='line_1_32' title="bbox 78 3801 1200 3873; baseline 0 -11"><span class='ocrx_word' id='word_1_225' title='bbox 78 3809 111 3862; x_wconf 88' lang='lat' dir='ltr'><strong>et</strong></span> <span class='ocrx_word' id='word_1_226' title='bbox 132 3812 162 3865; x_wconf 92' lang='grc'><strong>11</strong></span> <span class='ocrx_word' id='word_1_227' title='bbox 231 3803 300 3861; x_wconf 80' lang='lat' dir='ltr'><strong>Cum</strong></span> <span class='ocrx_word' id='word_1_228' title='bbox 323 3817 436 3862; x_wconf 81' lang='lat' dir='ltr'><strong>comere</strong></span> <span class='ocrx_word' id='word_1_229' title='bbox 462 3802 614 3873; x_wconf 78' lang='lat' dir='ltr'><strong>coepisset,</strong></span> <span class='ocrx_word' id='word_1_230' title='bbox 641 3801 772 3872; x_wconf 82' lang='lat' dir='ltr'><strong>voluptas</strong></span> <span class='ocrx_word' id='word_1_231' title='bbox 789 3805 942 3871; x_wconf 83' lang='lat' dir='ltr'><strong>retineret,</strong></span> <span class='ocrx_word' id='word_1_232' title='bbox 963 3820 1028 3860; x_wconf 86' lang='lat' dir='ltr'><strong>cum</strong></span> <span class='ocrx_word' id='word_1_233' title='bbox 1045 3810 1092 3860; x_wconf 83' lang='lat' dir='ltr'><strong>rat</strong></span> <span class='ocrx_word' id='word_1_234' title='bbox 1115 3805 1200 3862; x_wconf 78' lang='lat' dir='ltr'><strong>labe·</strong></span> 
     </span>
     <span class='ocr_line' id='line_1_33' title="bbox 232 3905 845 3981; baseline -0.007 -13"><span class='ocrx_word' id='word_1_235' title='bbox 232 3917 287 3980; x_wconf 81' lang='lat' dir='ltr'><strong>ret,</strong></span> <span class='ocrx_word' id='word_1_236' title='bbox 309 3912 400 3968; x_wconf 81' lang='lat' dir='ltr'><strong>sotios</strong></span> <span class='ocrx_word' id='word_1_237' title='bbox 421 3924 538 3964; x_wconf 82' lang='lat' dir='ltr'><strong>manum</strong></span> <span class='ocrx_word' id='word_1_238' title='bbox 557 3905 712 3981; x_wconf 65' lang='lat' dir='ltr'><strong>chmenso</strong></span> <span class='ocrx_word' id='word_1_239' title='bbox 734 3910 845 3965; x_wconf 81' lang='lat' dir='ltr'><strong>tolleret</strong></span> 
     </span>
    </p>
   </div>
   <div class='ocr_carea' id='block_1_7' title="bbox 76 4024 1199 4430">
    <p class='ocr_par' dir='ltr' id='par_1_15' title="bbox 76 4024 1199 4430">
     <span class='ocr_line' id='line_1_34' title="bbox 76 4024 1198 4111; baseline 0.005 -21"><span class='ocrx_word' id='word_1_240' title='bbox 76 4032 137 4090; x_wconf 93' lang='lat' dir='ltr'><strong>hoc</strong></span> <span class='ocrx_word' id='word_1_241' title='bbox 159 4024 267 4092; x_wconf 87' lang='lat' dir='ltr'><strong>ordine</strong></span> <span class='ocrx_word' id='word_1_242' title='bbox 288 4052 326 4092; x_wconf 91' lang='lat' dir='ltr'><strong>ac</strong></span> <span class='ocrx_word' id='word_1_243' title='bbox 345 4052 407 4091; x_wconf 91' lang='lat' dir='ltr'><strong>non</strong></span> <span class='ocrx_word' id='word_1_244' title='bbox 426 4031 538 4111; x_wconf 88' lang='lat' dir='ltr'><strong>potius,</strong></span> <span class='ocrx_word' id='word_1_245' title='bbox 561 4048 652 4108; x_wconf 92' lang='lat' dir='ltr'><strong>quem</strong></span> <span class='ocrx_word' id='word_1_246' title='bbox 674 4037 784 4101; x_wconf 85' lang='lat' dir='ltr'><strong>natura</strong></span> <span class='ocrx_word' id='word_1_247' title='bbox 801 4048 902 4088; x_wconf 89' lang='lat' dir='ltr'><strong>rerum</strong></span> <span class='ocrx_word' id='word_1_248' title='bbox 921 4029 1053 4108; x_wconf 88' lang='lat' dir='ltr'><strong>indicat,</strong></span> <span class='ocrx_word' id='word_1_249' title='bbox 1077 4034 1198 4095; x_wconf 88' lang='lat' dir='ltr'><strong>inverso</strong></span> 
     </span>
     <span class='ocr_line' id='line_1_35' title="bbox 77 4137 1198 4220; baseline 0.003 -23"><span class='ocrx_word' id='word_1_250' title='bbox 77 4138 194 4218; x_wconf 88' lang='lat' dir='ltr'><strong>posuit.</strong></span> <span class='ocrx_word' id='word_1_251' title='bbox 238 4137 342 4220; x_wconf 85' lang='lat' dir='ltr'><strong>Atque</strong></span> <span class='ocrx_word' id='word_1_252' title='bbox 368 4140 400 4198; x_wconf 92' lang='lat' dir='ltr'><strong>in</strong></span> <span class='ocrx_word' id='word_1_253' title='bbox 428 4138 481 4197; x_wconf 89' lang='lat' dir='ltr'><strong>illo</strong></span> <span class='ocrx_word' id='word_1_254' title='bbox 502 4157 569 4196; x_wconf 89' lang='lat' dir='ltr'><strong>cum</strong></span> <span class='ocrx_word' id='word_1_255' title='bbox 589 4154 645 4211; x_wconf 83' lang='lat' dir='ltr'><strong>por</strong></span> <span class='ocrx_word' id='word_1_256' title='bbox 664 4141 805 4211; x_wconf 81' lang='lat' dir='ltr'><strong>posticum</strong></span> <span class='ocrx_word' id='word_1_257' title='bbox 827 4137 1006 4216; x_wconf 76' lang='lat' dir='ltr'><strong>explicaret</strong></span> <span class='ocrx_word' id='word_1_258' title='bbox 1020 4141 1093 4220; x_wconf 77' lang='lat' dir='ltr'><strong>‘per</strong></span> <span class='ocrx_word' id='word_1_259' title='bbox 1113 4141 1198 4220; x_wconf 89' lang='lat' dir='ltr'><strong>podi-</strong></span> 
     </span>
     <span class='ocr_line' id='line_1_36' title="bbox 79 4244 1199 4324; baseline 0.003 -21"><span class='ocrx_word' id='word_1_260' title='bbox 79 4247 171 4317; x_wconf 87' lang='lat' dir='ltr'><strong>cem’,</strong></span> <span class='ocrx_word' id='word_1_261' title='bbox 195 4263 259 4304; x_wconf 89' lang='lat' dir='ltr'><strong>rem</strong></span> <span class='ocrx_word' id='word_1_262' title='bbox 279 4245 395 4324; x_wconf 84' lang='lat' dir='ltr'><strong>tetigit,</strong></span> <span class='ocrx_word' id='word_1_263' title='bbox 423 4244 559 4321; x_wconf 90' lang='lat' dir='ltr'><strong>leporem</strong></span> <span class='ocrx_word' id='word_1_264' title='bbox 576 4244 738 4304; x_wconf 87' lang='lat' dir='ltr'><strong>locutionis</strong></span> <span class='ocrx_word' id='word_1_265' title='bbox 760 4263 819 4303; x_wconf 90' lang='lat' dir='ltr'><strong>non</strong></span> <span class='ocrx_word' id='word_1_266' title='bbox 840 4253 998 4304; x_wconf 87' lang='lat' dir='ltr'><strong>assecutus</strong></span> <span class='ocrx_word' id='word_1_267' title='bbox 1020 4253 1082 4304; x_wconf 88' lang='lat' dir='ltr'><strong>est:</strong></span> <span class='ocrx_word' id='word_1_268' title='bbox 1108 4245 1199 4306; x_wconf 89' lang='lat' dir='ltr'><strong>debe·</strong></span> 
     </span>
     <span class='ocr_line' id='line_1_37' title="bbox 77 4349 1198 4430; baseline -0.003 -18"><span class='ocrx_word' id='word_1_269' title='bbox 77 4350 141 4412; x_wconf 85' lang='lat' dir='ltr'><strong>bat·</strong></span> <span class='ocrx_word' id='word_1_270' title='bbox 159 4351 316 4411; x_wconf 86' lang='lat' dir='ltr'><strong>reminisci</strong></span> <span class='ocrx_word' id='word_1_271' title='bbox 344 4350 454 4430; x_wconf 91' lang='lat' dir='ltr'><strong>postici</strong></span> <span class='ocrx_word' id='word_1_272' title='bbox 476 4351 546 4410; x_wconf 91' lang='lat' dir='ltr'><strong>ostii</strong></span> <span class='ocrx_word' id='word_1_273' title='bbox 568 4351 621 4408; x_wconf 72' lang='lat' dir='ltr'><strong>‘in</strong></span> <span class='ocrx_word' id='word_1_274' title='bbox 634 4351 804 4428; x_wconf 89' lang='lat' dir='ltr'><strong>posteriore</strong></span> <span class='ocrx_word' id='word_1_275' title='bbox 825 4359 913 4430; x_wconf 80' lang='lat' dir='ltr'><strong>parte</strong></span> <span class='ocrx_word' id='word_1_276' title='bbox 935 4349 1075 4410; x_wconf 86' lang='lat' dir='ltr'><strong>aedium&#39;</strong></span> <span class='ocrx_word' id='word_1_277' title='bbox 1098 4351 1198 4428; x_wconf 86' lang='lat' dir='ltr'><strong>(Paul.</strong></span> 
     </span>
    </p>
   </div>
   <div class='ocr_carea' id='block_1_8' title="bbox 0 0 1384 4890">
    <p class='ocr_par' dir='ltr' id='par_1_16' title="bbox 0 0 1384 4890">
     <span class='ocr_line' id='line_1_38' title="bbox 0 0 1384 4890; baseline 0 0"><span class='ocrx_word' id='word_1_278' title='bbox 0 0 1384 4890; x_wconf 95' lang='lat' dir='ltr'><strong> </strong></span> 
     </span>
    </p>
   </div>
  </div>
 </body>
</html>
