2760 4890
191 297 251 360 208
621 307 876 373 romacianae.

275 467 372 529 Multo
395 467 487 525 etiam
500 467 663 538 infelicius,
686 466 799 546 siquid
816 465 922 538 sentio,
938 464 1014 523 illud
1030 483 1048 522 a
1064 462 1238 522 Mercklino
1255 481 1307 520 ex-

193 577 357 654 cogitatum
378 581 435 644 est,
459 571 654 648 Sexagessim
678 580 707 630 et
722 567 788 649 περὶ
810 567 955 650 ἐξαγωγῆς
972 570 1010 629 ad
1028 569 1157 628 eandem
1172 576 1309 626 saturam

192 665 354 762 pertinere.
388 677 488 736 Nonio
508 676 657 736 debentur
671 679 827 758 utriusque
845 676 954 735 indicis
973 676 1157 736 testimonia.
1196 677 1246 734 De
1264 675 1308 732 in·

193 788 262 848 dole
283 788 347 846 eius
363 792 493 857 saturae,
513 805 591 863 quae
607 786 666 844 fuit
680 782 747 863 περὶ
763 781 918 863 ἐξαγωγῆς,
937 804 1120 863 quamquam
1135 785 1167 841 in
1181 781 1310 858 singulis

193 892 373 974 quibusdam
393 889 548 965 dissentio,
570 891 601 948 in
616 892 789 951 universum
805 913 865 951 non
879 892 1017 969 imperite
1033 891 1191 950 Mercerus
1208 887 1309 966 dispu-
1353 931 1356 936 ·

192 1001 269 1061 tavit
292 999 332 1058 ad
352 997 484 1056 Nonium
506 1017 536 1074 p.
561 1005 627 1059 745:
655 997 833 1076 ‘disputatio
856 1000 953 1056 omnis
974 997 1120 1057 Varronis
1140 998 1171 1054 in
1191 995 1251 1053 hoc
1274 994 1310 1051 li·

192 1111 247 1169 bro
275 1105 438 1167 decausis
468 1101 600 1160 abeundi
630 1122 668 1161 ex
697 1103 755 1161 hac
780 1103 857 1163 vita:
888 1105 919 1162 in
945 1105 981 1161 iis
1011 1103 1049 1162 de
1078 1103 1229 1161 communi
1257 1099 1312 1157 illa

193 1217 377 1296 passimque
395 1217 541 1286 usurpata
567 1206 736 1280 veteribuS,
768 1211 819 1287 qui
841 1212 915 1269 victi
935 1231 975 1269 ne
994 1207 1159 1269 victoribus
1178 1203 1312 1263 ludibrio

195 1327 298 1380 esseut
316 1315 539 1397 praeoptabant
561 1322 701 1387 mortem,
730 1314 822 1394 idque
846 1336 913 1374 cum
939 1310 1046 1374 laudes
1086 1314 1186 1374 Plena
1209 1331 1311 1370 exem·

194 1427 312 1506 plorum
339 1424 448 1482 omnia.
492 1423 535 1480 Et
560 1421 599 1481 ad
625 1414 704 1479 banc
737 1440 859 1480 causam
881 1420 1053 1500 exemplum
1074 1418 1238 1479 Annibalis
1259 1415 1311 1494 (fr.

197 1531 245 1609 l)'
278 1551 304 1588 e.
325 1551 355 1609 q.
379 1549 403 1586 s.
448 1510 566 1607 Nempe
594 1528 750 1607 inscriptio
778 1528 908 1595 indicat,
937 1528 996 1586 hac
1016 1536 1119 1611 satura
1141 1526 1314 1585 Varronem

195 1637 357 1695 stoicorum
386 1633 540 1694 decretum
568 1631 635 1712 περὶ
659 1624 783 1712 εὐλόγου
807 1630 954 1711 ἐξαγωγῆς
978 1641 1200 1712 pertractasse,
1227 1630 1313 1689 cuius

198 1742 314 1801 decreti
341 1741 403 1798 vim
430 1761 491 1799 non
519 1751 566 1799 est
589 1739 669 1821 quod
692 1760 771 1799 nunc
792 1740 930 1819 pluribus
951 1760 1128 1822 persequar.
1174 1737 1313 1797 Alterius

198 1857 297 1909 autem
313 1824 317 1831 .
331 1854 467 1919 saturae,
498 1865 576 1926 quae
599 1845 781 1923 Sexagessis
803 1855 945 1919 vocatur,
976 1847 1111 1924 speciem
1134 1865 1150 1904 e
1173 1842 1314 1923 reliquiis

196 1957 401 2015 Mommsenus
429 1951 551 2028 egregie
586 1955 779 2031 recuperavit
803 1952 873 2010 hist.
901 1953 987 2010 Rom.
1017 1953 1068 2010 ΠΙ
1095 1962 1155 2016 564.
1208 1951 1315 2010 Semel

196 2064 295 2140 ipsum
320 2061 399 2118 enim
425 2057 523 2117 Varro
547 2067 700 2138 tamquam
723 2059 851 2117 alterum
871 2058 1083 2137 Epimenidem
1102 2056 1233 2128 inducit,
1262 2057 1315 2134 qui

157 2176 166 2193 '
197 2174 397 2246 posteaquam
418 2161 529 2221 alicubi
550 2184 605 2242 per
621 2167 840 2245 quinquaginta
860 2186 955 2224 annos
971 2165 1162 2236 obdormivit,
1184 2163 1315 2221 Romam

197 2291 338 2332 reversus
361 2270 475 2342 omnia,
500 2290 577 2348 quae
597 2279 667 2328 tunc
690 2270 831 2349 reliquit,
853 2290 1003 2330 conversa
1026 2278 1055 2328 et
1076 2277 1248 2348 permutata
1269 2270 1315 2327 of-

199 2378 311 2438 fendit:
337 2397 353 2435 e
374 2375 474 2454 prisca
495 2396 531 2434 ac
554 2375 701 2435 laudabili
725 2377 832 2454 quovis
854 2380 975 2438 nominc
996 2377 1080 2438 Urbe
1098 2397 1179 2435 nova
1202 2375 1317 2454 prodiit

199 2485 279 2543 omni
296 2501 409 2559 genere
433 2481 659 2560 depravationis
681 2483 812 2542 infamis.
857 2483 967 2564 Itaque
988 2484 1041 2542 ille
1065 2502 1134 2542 suas
1159 2467 1316 2562 querellas

199 2612 259 2649 non
295 2588 443 2659 continet,
478 2588 589 2667 ecquid
623 2610 769 2649 revocare
800 2591 929 2669 patriam
954 2589 992 2648 ab
1024 2587 1192 2647 imminenti
1221 2589 1316 2646 exitio

201 2697 370 2772 contingat3
393 2692 448 2752 sed
471 2696 605 2769 graviter
626 2698 787 2775 increpans
809 2696 965 2774 repellitur
991 2695 1028 2755 ab
1051 2697 1099 2767 iis,
1123 2692 1257 2773 quorum
1270 2695 1316 2752 vi-

200 2802 241 2859 tio
266 2819 303 2856 ea
331 2794 415 2856 faeta
438 2802 628 2859 commutatio
650 2821 749 2860 rerum
779 2811 840 2873 est,
870 2823 906 2861 ac
933 2802 1063 2882 denique
1087 2820 1146 2880 quo
1168 2798 1317 2857 molestus

200 2905 257 2962 iste
278 2903 487 2980 interpellat-or
510 2912 540 2962 et
561 2907 681 2985 ineptus
704 2907 844 2966 laudator
866 2909 1009 2985 temporis
1033 2909 1094 2966 acti
1112 2917 1318 2981 removeatur,

200 3010 432 3086 sexagenarium
460 3009 624 3069 secundum
653 3012 807 3091 antiquum
834 3032 948 3073 morem
970 3015 1139 3073 Romanum
1162 3014 1201 3073 de
1224 3025 1318 3094 ponte

200 3119 232 3175 iu
253 3114 389 3174 Tiberim
411 3113 581 3173 deturbant.
626 3119 676 3177 Ita
705 3140 772 3178 cum
792 3122 857 3179 fere
880 3121 1024 3179 terminus
1047 3119 1120 3193 eips
1134 3128 1258 3178 saturae
1281 3141 1318 3178 ac

201 3223 357 3283 consilium
388 3223 562 3300 primarium
596 3224 788 3305 dispiciatur,
829 3228 860 3284 in
892 3226 1021 3305 proclivi
1054 3235 1100 3285 est
1135 3226 1319 3306 lepidissimi

201 3328 339 3410 opusculi
366 3335 461 3385 totum
489 3327 649 3390 decursum
680 3353 735 3411 per
761 3353 831 3391 suas
853 3341 956 3411 partes
979 3332 1073 3391 menti
1097 3353 1201 3392 rursus
1224 3335 1317 3393 infor·

201 3457 292 3496 mare.
339 3433 415 3494 Cum
442 3434 500 3493 hac
528 3435 620 3512 igitur
641 3446 745 3496 satura
764 3440 906 3516 coniungi
927 3438 1114 3497 Mercklinus
1136 3439 1263 3499 alteram
1283 3441 1318 3499 il·

201 3544 262 3601 lam
284 3537 351 3619 περὶ
374 3537 521 3619 ἐξαγωγῆς
542 3540 640 3614 iubet,
670 3545 790 3622 quando
813 3547 897 3604 illum
922 3545 1035 3602 exitum
1058 3565 1075 3603 e
1098 3545 1177 3618 vita,
1203 3566 1262 3627 quo
1285 3565 1319 3603 se

201 3647 299 3706 Varro
320 3648 539 3726 Epimenideus
562 3670 648 3708 usum
671 3650 833 3724 simulavit,
856 3651 977 3709 unicum
1000 3671 1016 3708 e
1035 3649 1173 3729 pluribus
1189 3671 1252 3709 non
1266 3671 1319 3710 na-

203 3751 308 3811 turalis
332 3749 435 3812 mortis
463 3754 626 3830 generibus
649 3757 780 3817 Varroni
809 3757 955 3816 credibile
975 3758 1014 3815 sit
1036 3777 1096 3815 non
1117 3756 1320 3836 improbatum

187 3858 306 3917 'fuisse
342 3861 433 3918 Esto:
458 3880 640 3941 quamquam
660 3884 721 3921 non
743 3872 804 3922 tam
826 3863 970 3940 intellego
994 3884 1046 3921 cur
1069 3861 1202 3937 credam,
1227 3883 1319 3944 quam

204 3984 256 4020 cur
279 3985 338 4022 non
360 3965 482 4024 credam
504 3965 605 4025 video.
651 3968 714 4027 Sed
737 3968 979 4041 consideremus,
1009 3969 1108 4049 qualia
1131 3970 1192 4026 iam
1211 3988 1229 4025 e
1248 3989 1319 4026 con-

203 4069 359 4146 glutinatis
386 4081 446 4130 tam
473 4072 610 4150 reliquiis
638 4095 729 4153 quam
757 4074 908 4133 indicibus
930 4084 1033 4134 satura
1053 4076 1190 4154 prodeat.
1236 4077 1320 4152 Ergo

155 4204 159 4209 ·
204 4176 363 4236 deturbato
393 4178 431 4236 dc
460 4188 553 4257 ponte
583 4182 783 4256 sexagenario
805 4180 943 4241 Varrone
969 4184 1074 4241 nescio
1100 4182 1168 4262 quis
1198 4200 1214 4237 e
1247 4182 1320 4239 stoi·

205 4303 306 4341 corum
325 4304 415 4342 sensu
436 4285 473 4342 de
492 4285 575 4344 vitae
591 4279 743 4345 finienda‘e
759 4288 924 4347 rationibus
940 4289 1106 4367 disputavit
1122 4290 1166 4347 ita
1183 4288 1319 4367 quidem,
