2760 4890
130 311 170 373 38
558 320 813 370 CONIEOTANEA.
956 290 958 296 ’

129 483 231 544 biliter
253 484 415 544 adiuvetur
432 489 462 540 et
481 481 679 561 compleatur.
718 484 799 543 Nam
817 483 891 542 licet
906 481 1058 563 quaedam
1077 482 1244 562 aliquando

130 591 220 651 aliter
241 611 278 650 ac
299 589 412 650 rectius
434 589 644 663 inst'tuantur,
667 592 699 649 in
716 591 891 650 universum
912 591 985 649 mihi
1007 609 1060 662 ea,
1084 608 1175 667 quam
1198 597 1242 647 te-

128 697 238 757 nuibus
260 697 349 756 lineis
371 694 565 768 adumbravi,
595 697 715 775 species
742 696 863 756 videtur
883 716 943 754 non
964 694 1097 754 valdee
1117 715 1194 755 vera
1215 703 1245 753 et
1273 716 1276 720 ’

128 803 282 881 primitiva
308 803 406 862 forma
433 801 603 862 discedere.
642 804 736 863 Velut
755 801 837 882 quod
855 822 911 881 per
932 801 1008 861 duas
1029 810 1134 881 partes
1155 822 1242 878 argu·

128 917 262 968 mentum
279 908 433 982 distribui,
467 903 606 981 ἕπίδειξιν
634 909 701 969 dico
722 910 828 970 musici
851 916 882 967 et
901 926 980 988 quae
1002 907 1073 967 inde
1095 908 1183 966 fluxit
1205 906 1243 965 de

128 1017 244 1075 musica
276 1016 527 1096 disputationem,
561 1014 593 1074 id
626 1024 659 1073 nt
690 1017 765 1094 ipsis
799 1016 936 1096 reliqniis
965 1008 1242 1086 commendabatur,

127 1123 171 1181 ita
192 1122 263 1183 inde
284 1123 423 1187 nonnihil
444 1123 590 1202 praesidii
611 1124 811 1196 nanciscitur,
838 1121 921 1202 quod
939 1121 1021 1181 idem
1041 1119 1243 1200 componendi

128 1228 285 1286 artificium
308 1227 436 1288 duarum
456 1237 619 1307 praeterea
634 1239 804 1291 saturarum
818 1229 967 1308 reliquiae
984 1229 1101 1289 referre
1115 1226 1243 1287 videan-

126 1342 183 1392 tur.
219 1335 271 1394 Ad
293 1354 369 1414 quas
388 1343 551 1416 antequam
570 1357 675 1415 pergo,
700 1347 748 1396 est
764 1337 845 1425 quod
860 1337 930 1396 huic
945 1344 1099 1415 tamquam
1113 1334 1241 1393 corolla·

127 1443 203 1500 rium
227 1441 381 1500 adiiciam:
410 1462 490 1501 nunc
514 1442 634 1503 demum
655 1445 735 1502 enim
757 1463 825 1503 cum
846 1445 901 1502 has
923 1443 1076 1503 chartulas
1098 1443 1241 1522 typothe-

126 1557 226 1607 tarum
254 1533 404 1607 erroribus
438 1568 589 1628 expurgo,
628 1551 769 1627 contigit,
802 1559 835 1609 ut
857 1549 994 1630 perbona
1021 1551 1058 1608 L.
1086 1549 1242 1609 Krahneri

86 1651 90 1659 “
127 1655 339 1713 commentatio
363 1653 401 1712 de
416 1655 561 1714 Varronis
583 1655 777 1736 philosophia
795 1656 889 1736 (Novi
905 1656 1138 1734 Brandenbnrgi
1159 1655 1239 1734 1846)

127 1782 210 1821 meas
226 1762 258 1820 in
277 1781 382 1820 manus
404 1763 536 1820 veniret:
562 1763 593 1820 in
616 1784 677 1843 qua
694 1783 762 1823 cum
778 1766 839 1824 alia
853 1767 1014 1846 praeclara
1031 1766 1122 1824 etiam
1138 1765 1177 1825 de
1192 1787 1240 1824 sa·

126 1867 200 1926 turis
223 1865 438 1948 disputaverit,
466 1877 528 1927 tum
549 1888 580 1947 p.
604 1879 639 1934 23
660 1870 822 1948 fragmenti
843 1873 932 1931 huius
953 1884 1076 1930 saturae
1095 1872 1146 1931 XI
1169 1893 1239 1932 ean-

126 1974 195 2037 dem
223 1995 313 2054 quam
340 1998 397 2055 ego
421 1997 513 2056 supra
534 2000 564 2057 p.
589 1989 620 2039 15
644 1977 878 2056 explicationem
900 1985 1021 2037 secutus
1042 1985 1104 2051 est,
1127 1977 1240 2038 additis

126 2081 193 2141 aliis
215 2082 276 2140 huc
297 2084 534 2163 pertinentibus,
559 2103 637 2164 quae
654 2102 740 2141 nunc
762 2103 821 2142 non
843 2073 1019 2162 liersequar.
