2760 4890
517 313 774 367 courscrsuss.
1144 303 1204 367 145

173 472 240 533 XX
262 470 305 552 (1)
365 475 445 532 Talao
472 482 590 546 repente
618 473 753 531 coe'litum
776 454 870 531 ‘altum
899 474 1050 531 tonitribus
1070 477 1204 548 tentpldm

1032 571 1159 639 tonescit'.

171 713 255 774 XXI
278 710 321 792 (2)
360 695 398 772 li't
416 722 505 812 poter
525 716 620 772 divum
643 718 792 773 trisulcum
813 714 924 786 fulmen
947 717 1007 787 ipat
1021 716 1136 790 se'roido

359 821 492 877 Actutum
515 824 607 878 mittat
628 821 658 879 in
681 823 787 879 tholum
810 821 931 877 mucelli.

172 954 272 1015 XXII
293 952 337 1034 (3)
360 956 468 1030 Mdpno
502 961 545 1014 uti
569 957 722 1015 tremescat
751 955 843 1014 Roma
874 965 902 1013 et
931 955 1053 1030 mdonoe
1087 962 1204 1016 mando-

978 1066 1045 1120 num
1065 1067 1159 1138 yolus.

83 1213 156 1272 Hoc
178 1193 341 1286 addubito,
367 1221 467 1272 utrum
494 1212 669 1272 exauditum
691 1213 790 1273 subito
813 1215 927 1273 tonitru
952 1214 1045 1294 (XX)
1068 1217 1203 1275 occasio·

83 1340 157 1379 nem
184 1321 214 1379 ei
240 1320 435 1381 detestationi
462 1318 595 1394 dederit,
623 1340 662 1377 an
684 1321 805 1379 inverso
829 1321 934 1380 ordine
955 1323 1204 1400 imprecationem

86 1423 177 1504 (XX.
200 1425 299 1505 XXI)
324 1428 522 1507 necopinato,
552 1426 640 1505 quasi
663 1426 814 1503 extemplo
838 1437 911 1488 vota
935 1437 1002 1488 rata
1029 1428 1111 1486 facta
1133 1428 1203 1499 sint,

83 1534 222 1592 tonitrua
249 1540 356 1592 secuta
385 1535 454 1592 sint.
497 1535 578 1593 Nam
598 1551 659 1589 non
682 1550 741 1587 uno
765 1531 933 1613 eodemque
953 1543 1058 1592 tenore
1080 1532 1117 1591 fr.
1139 1531 1204 1592 XX

84 1658 155 1697 cum
175 1639 324 1717 proximis
350 1638 465 1698 duobus
489 1635 674 1707 continuari,
704 1637 851 1694 enuntiati
882 1640 1081 1697 conformatio
1104 1646 1204 1696 osten·

84 1743 140 1804 dit.
185 1744 238 1802 ur.
261 1744 327 1803 XX
352 1744 501 1804 trochaici
529 1740 675 1799 octonarii
697 1759 839 1800 mensura
869 1743 1003 1804 distinxi.
1046 1744 1098 1802 Fr.
1121 1742 1205 1801 XXI

85 1869 156 1909 cum
186 1848 339 1910 Ochlcrus
368 1853 504 1910 senarios
532 1846 761 1926 descripsisset,
797 1849 970 1908 Meinekius
999 1849 1205 1929 septenarium

83 1956 236 2017 restituit:
266 1976 355 2036 quem
383 1956 498 2034 excipit
527 1972 634 2012 versus
663 1952 812 2012 ‘iambicus
845 1975 906 2014 non
933 1957 1069 2032 integer,
1099 1973 1202 2032 quam·

84 2083 177 2142 quam
205 2063 357 2123 sententia
383 2062 512 2139 integra.
557 2060 624 2119 Nec
654 2061 733 2120 enim
757 2061 918 2140 quicquam
940 2063 1018 2120 inter
1041 2063 1154 2118 macelli
1174 2068 1205 2117 et

85 2171 139 2249 qui
166 2171 271 2231 statim
298 2169 435 2248 sequitur
462 2168 668 2246 septenarium
692 2166 860 2226 desiderari
887 2167 1024 2227 arbitror.
1070 2170 1203 2225 Actutum

86 2274 238 2334 editorum
253 2283 325 2337 ¹est:
351 2274 421 2334 libri
441 2295 472 2354 p.
494 2282 561 2345 448,
584 2282 616 2335 21
641 2283 750 2341 actum,
779 2289 856 2328 unus
874 2271 1055 2332 Basiliensis
1078 2282 1203 2332 acutum.

84 2382 139 2442 Fr,
160 2380 261 2440 XXII
288 2386 331 2439 uti
356 2380 492 2459 reposuit
517 2377 705 2451 Meinekius,
735 2394 793 2457 quo
817 2378 1009 2456 septenarius
1039 2387 1203 2438 constaret.

86 2485 262 2561 Trisulcum
284 2485 386 2564 fulgur
407 2472 518 2545 Festus
540 2503 570 2562 p.
594 2491 655 2555 352,
679 2492 695 2545 6
717 2485 758 2543 M.
781 2491 924 2543 vocatum
946 2483 1034 2559 dicit,
1065 2486 1150 2565 ‘quia
1172 2484 1203 2543 id

55 2599 139 2652 'aut
163 2591 301 2652 incendit
334 2601 387 2651 aut
416 2572 540 2650 discutit
574 2597 626 2647 aut
654 2587 812 2649 terebrat'
844 2590 952 2667 ‚Vide
978 2591 1102 2651 Mulleri
1131 2589 1202 2650 adn.

85 2699 188 2758 Aliter
214 2698 333 2758 Nonius
362 2697 402 2757 ad
424 2697 501 2757 illud
523 2697 631 2773 fragm.
653 2717 683 2774 p.
706 2704 774 2770 448,
799 2678 844 2761 18ὁ
859 2697 987 2757 ‘Solous'
1011 2715 1092 2756 omne
1120 2698 1203 2772 qued-

86 2811 158 2881 quid
173 2811 203 2865 iu
222 2809 424 2882 loupitudiaem
446 2807 607 2861 aculeatum
629 2811 679 2861 est.
725 2803 871 2864 “Pholum
892 2807 1027 2866 macelli'
1052 2805 1204 2866 Oehlerus

87 2894 245 2991 explicuit.
265 2927 362 2971 omues
382 2912 554 2968 mundanum
575 2913 661 2983 palae
678 2909 813 2970 Lucilius
830 2913 961 2972 Varroni
976 2913 1107 2993 praeivit
1122 2911 1204 2990 apud

85 3018 221 3077 Nonium
241 3038 271 3097 p.
295 3024 408 3090 17,16.
453 3017 502 3074 De
531 3035 590 3096 quo
617 3035 730 3093 genere
760 3018 977 3079 vocabulorum
1003 3022 1043 3079 cf.
1072 3017 1110 3079 Ο.
1132 3018 1202 3078 Iah-

85 3125 154 3183 nius
175 3124 206 3183 iu
229 3123 369 3185 Persium
389 3145 419 3204 p.
442 3134 485 3212 81.

173 3243 288 3303 Verum
316 3243 471 3302 enimvero
505 3242 602 3301 Varro
635 3260 696 3299 non
724 3242 755 3300 in
782 3245 1015 3323 perstringenda
1045 3243 1202 3322 epularum

84 3348 208 3408 luxuria
226 3347 375 3420 substitit,
398 3347 453 3408 sed
478 3348 569 3407 etiam
592 3348 751 3406 avaritiam
772 3349 1038 3428 Romanorumque
1058 3348 1203 3407 nobilium

84 3456 117 3514 in
150 3455 316 3533 provinciis
348 3455 470 3533 rapinas
498 3461 529 3513 et
560 3454 636 3512 alios
668 3453 779 3514 abusus
811 3476 894 3514 more
927 3475 981 3514 suo
1012 3454 1202 3535 depinxerat.

86 3559 178 3638 Quae
203 3580 263 3641 quo
282 3560 388 3620 ordine
399 3560 544 3638 tetigerit,
569 3557 630 3617 dici
650 3561 765 3637 nequit,
787 3582 971 3642 quamquam
990 3560 1113 3619 ethaeo
1128 3570 1202 3640 puto

84 3665 173 3724 illam
201 3669 426 3727 execrationem
454 3675 485 3725 et
513 3687 592 3748 quae
622 3667 661 3726 do
683 3668 804 3744 Augiae
827 3667 955 3726 stabulis
975 3665 1094 3726 dixerat
1114 3687 1202 3746 prae·

86 3772 230 3831 cessisse.
274 3773 433 3834 Avaritiae
454 3773 599 3832 indicium
622 3774 680 3832 hoc
702 3776 905 3850 fragmentum
927 3775 1075 3833 continet:

172 3923 288 3984 XXIII
309 3923 369 4004 (20)
409 3927 522 3984 Scaena
545 3945 627 4001 quem
649 3927 745 3984 senem
769 3929 872 3983 lutiae
895 3927 963 3984 vidit
986 3927 1201 3985 derict'ssimum.

88 4074 208 4154 Quibus
230 4078 372 4158 Pappum
389 4098 552 4157 personam
566 4079 777 4138 Atellanarum
792 4077 950 4157 probabile
968 4089 1014 4139 est
1029 4079 1202 4156 significari.

85 4182 120 4241 Is
144 4202 240 4243 senex
262 4205 383 4259 avarus,
409 4185 490 4265 quod
511 4184 655 4244 Munkius
678 4184 716 4243 de
737 4183 849 4244 fabulis
870 4184 1023 4245 Atellanis
1044 4207 1073 4264 p.
1096 4195 1130 4249 33
1152 4206 1203 4245 ex·

85 4290 205 4368 posuit,
236 4290 274 4350 ob
297 4311 442 4369 angorem
464 4313 500 4350 ac
522 4290 645 4349 nimiam
663 4290 898 4349 sollicitudinem
920 4311 1107 4350 nummorum
1126 4290 1203 4350 deri·

142 4390 274 4455 quuru,
294 4390 522 4444 Cou1.1uVrss.
538 4407 597 4441 ssu.
965 4391 1003 4451 10
