2760 4890
566 322 821 374 conmortuus.
1209 316 1249 379 55

135 484 244 545 norint.
289 479 380 562 Quod
401 488 503 541 antem
523 480 635 561 plurali
656 503 781 545 numero
805 489 942 545 Mssssesr
966 485 1140 547 inscribitur
1165 460 1248 566 (nam

133 589 215 672 quod
238 610 299 649 uno
326 609 343 648 e
372 587 533 648 duodecim
554 587 630 648 loeis
652 590 734 670 apud
753 592 885 654 Nonium
907 615 937 673 p.
960 603 1025 667 187,
1048 606 1081 658 15
1102 598 1249 673 Meleagro

132 698 253 776 legitur,
275 715 337 756 nou
356 693 481 775 obstat),
504 695 607 755 herois
629 696 682 755 illa
705 700 869 761 venatione
889 701 964 763 clari
985 700 1106 762 nomine
1126 703 1247 763 univer-

132 824 197 865 sum
223 809 403 865 venatorum
427 821 523 880 genus
553 800 745 880 designatur:
771 814 805 865 ut
828 813 998 866 derisiones
1023 806 1076 865 alii
1100 795 1248 869 Varronis

133 918 256 971 saturae
276 908 464 984 inscribitur,
491 928 553 991 qua
576 911 661 988 carpi
680 911 817 972 homines
838 912 1020 972 somnulenti
1038 911 1248 987 videntur‚.ut

132 1017 160 1077 ei
174 1036 299 1099 quoque
319 1016 422 1088 indici,
444 1035 504 1098 quo
525 1025 735 1094 argumentum
756 1025 879 1077 saturae
900 1018 1060 1092 indicetur,
1083 1018 1161 1079 haee
1176 1019 1248 1080 addi

131 1120 198 1206 aspi
212 1116 311 1185 daven
329 1123 457 1204 possint.
663 1119 667 1125 ’

214 1233 277 1293 Per
299 1239 474 1291 consuetam
491 1230 601 1290 saturis
623 1229 826 1289 diverbiornm
848 1229 1090 1290 vicissitudinem
1111 1253 1176 1294 rem
1196 1254 1246 1295 ac·

131 1348 192 1398 tam
213 1358 284 1399 esse
305 1337 453 1418 reliquiae
471 1336 616 1417 produnt:
641 1337 726 1396 cuius
750 1335 894 1416 colloquii
913 1335 985 1416 quid
1004 1358 1110 1398 ansam
1129 1341 1247 1402 dederit

132 1444 167 1504 tr.
183 1454 216 1507 ll
240 1442 458 1519 subindibatur,
480 1442 562 1525 quod
585 1453 656 1525 apte
679 1452 833 1505 extremae
853 1452 975 1503 saturae
997 1443 1192 1508 adscribitur:

155 1670 158 1674 .
214 1601 318 1657 Funus
340 1601 504 1673 exsequiali
529 1601 607 1656 laete
629 1602 668 1656 ad
690 1602 855 1672 sepulcrum
884 1601 1001 1673 antiquo
1031 1619 1109 1659 more
1137 1607 1246 1663 silicer-

131 1709 207 1787 nium
228 1705 417 1780 suffecimus,
440 1709 533 1764 idest
554 1701 757 1785 περίδειπνον,
781 1724 836 1780 qao
853 1709 962 1778 pransi
982 1710 1159 1767 discedentes
1176 1714 1245 1769 diei·

132 1831 193 1872 mus
210 1816 288 1872 alias
306 1816 372 1871 alii:
395 1816 465 1872 cale.

213 1966 319 2026 Funus
346 1965 438 2044 igitur
467 1966 599 2025 fortasse
627 1962 782 2023 venatoris
810 1962 938 2022 alieuius
960 1964 1114 2048 temerarii
1136 1988 1243 2047 oppor-

129 2054 288 2133 tunitatem
321 2070 361 2132 de
383 2062 548 2133 uenatione
578 2070 821 2151 colloquentibus
849 2070 946 2129 dedit:
981 2071 1039 2130 nisi
1068 2092 1105 2131 ea
1130 2083 1247 2133 restant

131 2164 224 2240 verba
247 2178 287 2238 de
307 2177 411 2238 nescio
434 2198 494 2259 qua
514 2179 697 2251 narratione,
722 2199 800 2258 quaa
823 2188 1031 2257 argumentum
1048 2189 1170 2240 saturae
1184 2203 1245 2240 non

75 2340 78 2347 .
131 2285 309 2364 attingebat.
357 2283 501 2364 Apertior
535 2292 719 2356 ceterorum,
759 2306 839 2363 quae
875 2284 913 2344 de
941 2286 1092 2367 colloquio
1121 2263 1256 2347 residua

131 2394 198 2454 sunt
221 2393 306 2473 ipso,
346 2410 443 2451 nexus
472 2411 509 2450 ac
535 2390 687 2451 sententia
716 2399 772 2451 est.
816 2393 927 2472 Itaque
947 2391 1026 2452 haec
1051 2392 1149 2453 tribuo
1173 2416 1243 2455 con-

131 2500 272 2581 temptori
291 2498 501 2585 venationum:

211 2637 228 2695 Ι
246 2633 288 2714 (3)
314 2637 448 2706 Currere,
473 2640 601 2712 visitare,
624 2639 746 2705 esurire,
769 2640 919 2710 ecquando
941 2639 1013 2694 beree
1033 2638 1136 2713 sarcre
1158 2660 1243 2715 opor-

131 2752 184 2802 tet?
211 2763 300 2819 qaam
321 2746 361 2801 ad
379 2745 485 2815 finem?
756 2749 759 2753 ’
987 2732 991 2737 ’

210 2880 245 2938 ΙΙ
266 2876 309 2957 (1)
338 2878 467 2948 Quaero,
504 2885 601 2937 atram
626 2880 756 2953 fructetis
783 2863 825 2937 an·
848 2883 1043 2937 delectationis
1067 2891 1177 2938 caasa?
1218 2887 1245 2940 si

128 2986 262 3061 sructais,
283 2994 315 3045 at
337 2987 465 3045 vendatis

212 3120 326 3200 ΠΙ()
358 3121 410 3179 Sin
432 3129 527 3178 autem
550 3126 745 3181 delectationis
766 3142 858 3182 caasa
883 3126 1039 3201 versamini,
1068 3132 1175 3197 quaesto
1196 3143 1242 3181 sa-

131 3233 183 3287 tias
210 3236 254 3288 est
280 3231 368 3286 salvis
392 3232 528 3287 creabas
554 3233 585 3317 ia
606 3233 684 3289 cirea
706 3240 854 3304 spectare,
882 3249 968 3304 qaam
990 3231 1035 3287 isis
1055 3233 1244 3288 descobinata

131 3339 157 3392 in
176 3338 250 3394 silua
269 3343 396 3392 curare?
470 3413 473 3433 Ι

131 3469 176 3529 Ab
206 3467 394 3549 explorando
429 3467 489 3527 fine
523 3470 657 3531 venandi
692 3471 807 3531 orditur
834 3471 888 3531 ille
915 3470 1111 3530 venationum
1139 3473 1242 3550 exagi-

130 3583 221 3636 tator:
245 3595 372 3658 quorsus
394 3584 535 3657 spectant
553 3576 622 3652 ista,
646 3599 725 3661 quac
745 3600 800 3639 vos
821 3578 955 3639 venandi
969 3599 1062 3638 causa
1076 3579 1241 3654 sustinetis,

131 3701 243 3757 cursus,
266 3683 382 3762 vigilia,
405 3682 523 3743 fames?
553 3683 609 3743 cui
629 3667 828 3763 interroganti
850 3707 917 3746 cum
938 3707 999 3748 non
1024 3683 1097 3745 eatis
1119 3683 1243 3743 definite

128 3789 322 3870 respondisse
342 3791 420 3850 alter
441 3790 591 3864 videatur,
619 3790 750 3850 eandem
770 3792 1038 3870 interrogationem
1061 3789 1164 3870 paullo
1182 3788 1241 3848 dis·

120 3876 248 3957 'tiuctius
275 3906 455 3978 concepta-m
479 3897 584 3956 refert.
637 3898 703 3955 Nec
730 3896 808 3956 enirn
834 3899 922 3976 plura
943 3919 1041 3978 quem,
1054 3916 1241 3975 responsum,

130 4003 209 4083 qnod
231 4003 378 4082 significo,
399 4012 472 4085 puto
494 4004 573 4062 inter
596 4004 648 4062 frr.
671 4005 688 4062 I
711 4013 741 4062 et
760 4005 793 4063 Π
817 4004 1025 4064 intercidisse:
1049 4022 1175 4085 quonum
1196 4003 1240 4062 in—

116 4108 231 4184 timem
263 4110 491 4171 cohaerent-iam
506 4100 626 4185 'quaero
660 4110 841 4170 subindicat.
886 4112 1041 4191 Deinceps
1068 4111 1242 4188 singulatim

92 4238 96 4247 ·
129 4216 255 4293 primum
275 4216 420 4290 fructum,
442 4217 578 4297 siquem
600 4219 680 4276 ferat
699 4215 834 4302 venatio,
861 4218 1022 4278 examinat.
1069 4216 1102 4276 si
1127 4219 1241 4283 fructus

132 4340 224 4382 cause
253 4324 424 4398 venamini,
450 4331 484 4382 ut
509 4322 667 4396 vendatis,
698 4341 776 4402 quae
805 4324 963 4402 ceperitis,
992 4332 1061 4383 sunt
1080 4323 1158 4382 aliae
1178 4342 1239 4398 res,
