2760 4890
197 312 254 375 144
310 323 312 326 ’
623 325 882 373 conlocemur.

166 562 169 568 Ι
278 484 361 544 XIX
382 482 427 562 (7)
449 487 512 543 Non
535 487 658 542 Ercules
676 492 778 556 potest,
805 486 856 557 qui
875 485 1004 558 Aepebes
1023 485 1075 540 sed
1095 500 1236 556 conpren.
1270 456 1274 467 ’

195 639 251 698 Cui
276 639 446 697 sententiae
472 638 557 696 iuvat
583 637 663 695 hanc
692 636 730 695 de
759 643 917 694 Proui-rano
936 644 1065 694 Lranurro
1094 635 1132 694 fr.
1160 644 1193 696 12
1220 634 1312 712 adpo-

194 764 283 803 nere:
312 747 348 802 Ικ
376 748 499 803 tenebris
527 764 561 803 oe
588 747 656 801 ouili
669 747 795 801 uiuunt:
823 749 881 803 nisi
908 765 965 803 κοκ
985 747 1085 818 sorum
1107 745 1200 812 bara,
1229 750 1314 815 etque

194 844 330 919 homines,
353 855 404 924 qui
424 870 500 909 rauce
518 853 661 924 plerique,
677 868 744 908 sues
765 861 833 910 sunt
848 831 1041 910 eristimemli.
1069 851 1111 909 Et
1123 848 1204 908 haec
1219 846 1314 908 verba

194 954 353 1027 Herculis,
390 955 497 1034 quibus
527 954 609 1033 apud
636 955 806 1015 Lucianum
832 953 1000 1033 Δραπέταις
1025 965 1060 1021 23
1088 977 1128 1016 ne
1154 955 1196 1016 ad
1224 958 1314 1016 extir-

194 1061 311 1141 pandos
342 1059 540 1139 philosophos¹
567 1061 703 1120 mittatur
723 1063 792 1121 Iovi
813 1061 995 1140 respondet:
1027 1060 1077 1120 καὶ
1104 1053 1165 1140 μὴν
1190 1053 1314 1139 ἄμεινον

194 1151 242 1244 ἦν,
268 1149 293 1225 ci
311 1160 413 1245 πάτερ,
433 1155 487 1242 τὴν
512 1157 625 1242 κόπρον
648 1162 815 1247 ἐκκαθᾶραι
830 1151 921 1239 αὖθις
942 1158 998 1244 κήν
1014 1156 1180 1249 Αὖγείουῆ
1197 1161 1315 1236 τούτοις

195 1269 423 1350 συμπλέκεσθαι.
474 1271 538 1331 Sed
569 1283 733 1354 expectant
763 1274 859 1335 verba
884 1275 1031 1336 Varronis
1061 1272 1314 1337 emendationem.

196 1381 280 1438 Libri
299 1403 330 1460 p.
347 1390 408 1453 242,
427 1391 460 1442 15
482 1379 614 1454 tradunt,
636 1381 718 1462 quod
741 1384 833 1461 s'upra
855 1382 979 1461 scripsi:
1005 1382 1064 1440 nisi
1085 1382 1167 1461 quod
1189 1383 1221 1440 in
1239 1382 1313 1440 Ber·

195 1485 339 1546 nensibus
368 1493 429 1546 est:
459 1490 536 1560 quod
555 1478 686 1562 Arpebes
709 1492 761 1546 sed
784 1492 922 1560 ampison.
967 1489 1037 1546 Duo
1061 1488 1132 1547 olim
1154 1489 1262 1547 Iunius
1286 1495 1316 1545 et

196 1602 266 1671 post
301 1612 369 1651 eum
400 1591 453 1650 alii
480 1591 559 1652 beno
583 1595 795 1654 restituerunt:
831 1596 941 1668 Aueiae
969 1601 1000 1652 et
1028 1586 1167 1673 torpor„
1204 1595 1318 1652 Restat

197 1708 231 1758 nt
262 1701 429 1776 corrigatur
461 1700 543 1779 quod
571 1699 702 1758 medium
730 1701 788 1759 est.
839 1699 944 1758 Iunius
975 1677 1105 1760 coniecit
1131 1704 1203 1775 epit,
1217 1726 1221 1732 ·
1237 1700 1317 1758 '‘Pur-

197 1805 294 1864 nebus
327 1807 359 1864 in
385 1804 570 1866 adversariis
592 1806 709 1865 XXIX
730 1815 765 1867 20
789 1809 912 1881 repebant
934 1805 1012 1865 duce
1031 1803 1147 1873 Nonio,
1176 1801 1229 1880 qui
1253 1797 1315 1856 illis

196 1912 274 1971 haec
288 1912 446 1992 praemisit
463 1910 574 1986 ‘opere'
589 1929 700 1986 perere.
736 1912 894 1971 Mercerus
910 1912 942 1969 in
956 1912 1098 1970 lemmate
1116 1908 1229 1981 ‘apere’
1253 1921 1316 1978 epe-

197 2037 263 2077 rere
289 2038 455 2098 reponens,
483 2019 515 2076 in
540 2017 686 2077 Varronis
712 2001 906 2093 locoepes'sit
928 2016 1042 2076 scribit.
1086 2013 1125 2073 Id
1148 2009 1232 2092 quod
1255 2008 1316 2066 dis·

198 2124 343 2182 suadetur
364 2123 512 2183 aNonio:
537 2122 670 2182 debebat
684 2124 793 2182 saltem
815 2126 956 2199 ‘operere'
977 2141 1069 2199 apere¹
1076 2119 1242 2201 praemitti,
1267 2116 1317 2174 cui
1356 2118 1360 2131 '

199 2228 392 2310 collocationi
411 2249 512 2288 rursus
533 2229 703 2288 litterarum
721 2230 795 2288 ordo
818 2229 1008 2290 adversatur.
1039 2228 1142 2308 Quare
1160 2233 1212 2284 aut
1229 2225 1316 2282 resti-

199 2335 313 2395 tuenda
334 2341 438 2411 rependi
454 2337 551 2393 forma
575 2333 648 2411 (nec
672 2337 751 2394 enim
772 2335 848 2394 illud
870 2335 971 2395 obstat
991 2333 1210 2415 probabilitati,
1234 2328 1318 2410 quod

198 2443 316 2500 Nonius
338 2443 451 2521 pagina
469 2444 608 2522 proxima
625 2440 772 2519 peculiari
798 2441 930 2521 capitulo
950 2439 1062 2517 agendi
1085 2421 1317 2502 notionescmn

189 2548 260 2606 suis
277 2546 425 2626 exemplis
446 2547 623 2627 recensuit),
648 2558 700 2609 aut
714 2559 776 2609 tarn
790 2551 901 2608 lemma
916 2547 1010 2605 Nonii
1022 2565 1112 2626 quam
1126 2544 1224 2606 verba
1238 2544 1317 2602 Var-

198 2654 280 2711 ronis
307 2655 351 2711 ita
369 2655 564 2732 corrigenda:
588 2656 757 2715 ‘Auerrere'
779 2672 904 2731 operere.
957 2656 987 2712 V.
1009 2656 1163 2711 Bimarco:
1194 2653 1259 2710 Non
1280 2652 1316 2706 E.

185 2768 298 2836 potest,
322 2764 372 2834 qui
385 2764 477 2838 Ακρίρ
498 2765 605 2820 obarsit
623 2765 754 2837 (oberrit)
771 2753 891 2844 κᾴκρον.
923 2761 973 2818 De
990 2758 1085 2819 verbo
1104 2760 1260 2816 everrenda·
1276 2755 1318 2814 cf.

198 2868 373 2926 Priscianus
388 2867 420 2925 X
433 2888 463 2945 p·
478 2868 663 2929 532Herta.:
686 2870 813 2926 Licinius
823 2870 926 2924 Macer
935 2883 990 2938 pro
1008 2866 1123 2923 Tuscis:
1141 2863 1219 2936 ‘quis
1232 2880 1319 2934 opor-

198 2976 251 3031 tuit
272 2978 379 3031 emissa
397 2978 563 3047 restituere,
587 2978 665 3033 bisce
686 2979 771 3050 etiem
793 2978 931 3048 reliquias
952 2968 1147 3028 averrerunt?
1170 2947 1316 3026 'Ibidem-

198 3098 258 3158 que
278 3078 350 3138 vide
368 3080 440 3158 quid
462 3082 650 3157 grammatici
671 3080 710 3138 de
731 3084 808 3138 versi
823 3079 961 3157 perfecto
982 3074 1204 3155 praeceperint.
1240 3073 1318 3134 Sunt

199 3197 301 3255 autem
324 3186 362 3245 de
385 3206 476 3246 versu
499 3195 620 3266 sumpta
641 3186 695 3245 illa
714 3183 817 3257 verba,
840 3185 892 3263 qui
913 3184 984 3242 talis
1008 3201 1077 3242 esse
1099 3182 1213 3265 potuit:

262 3413 275 3428 ,
350 3377 436 3417 ,κοκ
459 3358 602 3416 Hercules
618 3365 721 3431 potest,
745 3359 795 3429 qui
811 3355 921 3429 Aupr'ee
945 3354 1053 3412 averrit
1070 3343 1194 3432 κόπρον.

197 3525 309 3586 Hiatus
332 3529 384 3607 qui
403 3535 449 3586 est
471 3528 551 3585 inter
569 3530 679 3601 Aspice
702 3535 733 3583 et
755 3528 862 3583 everoit
883 3498 1063 3600 legitimuss
1082 3523 1122 3581 cf.
1143 3519 1317 3581 Lachman-

197 3652 254 3690 nus
277 3632 308 3689 in
330 3632 465 3692 Lucretii
483 3632 536 3690 ΙΠ
557 3640 609 3695 374
633 3629 666 3711 p:
689 3640 748 3693 161.
817 3703 819 3707 ,

283 3771 458 3852 Sequuntur
487 3774 546 3832 tria
573 3773 761 3849 fragmenta,
806 3789 900 3849 quae,
938 3770 1020 3850 quod
1050 3767 1136 3858 multi
1163 3765 1317 3839 viderunt,

199 3886 264 3936 arte
288 3878 468 3952 cohaerent,
496 3898 553 3938 nec
573 3887 676 3936 tamen
695 3885 780 3951 ante,
803 3884 836 3935 ut
858 3876 938 3957 apud
963 3876 1145 3948 Oehlerum,
1167 3871 1223 3932 scd
1247 3882 1318 3951 post

199 3984 283 4044 illam
312 3984 547 4064 descriptionem
575 4005 610 4042 ac
645 3985 880 4044 detestationem
905 3983 1044 4042 luxuriae
1073 3981 1174 4039 locum
1200 3978 1317 4038 habue-

198 4100 278 4150 runt.
324 4091 400 4150 Oum
430 4089 510 4148 enim
537 4089 642 4149 sordes
669 4093 744 4150 istas
772 4091 824 4150 vel
852 4087 890 4148 ab
916 4088 1051 4147 Hercule
1080 4087 1182 4167 aliquo
1212 4105 1317 4163 emun-

96 4264 99 4266 .
200 4196 265 4256 dari
291 4216 382 4277 posse
405 4194 532 4269 diffidit,
563 4214 630 4255 eam
649 4197 770 4272 urbem,
798 4216 889 4276 quam
907 4215 946 4253 ne
968 4194 1035 4274 ipsa
1051 4195 1193 4279 quidem,
1217 4193 1246 4255 si
1266 4213 1318 4253 cu·
1362 4189 1366 4193 ’

198 4311 295 4383 peret,
318 4303 407 4361 Salus
430 4322 554 4361 servare
575 4312 690 4383 posset,
713 4304 796 4362 Iovis
819 4302 945 4361 fulmine
967 4303 1085 4382 percuti
1101 4310 1264 4381 precatur:
1297 4371 1300 4376 ,
