2760 4890
127 328 168 392 28
556 339 811 387 conmortuus.

126 502 212 560 nulla
241 501 426 559 necessitate
454 499 640 578 transposuit
667 507 711 556 est
737 497 893 570 voculam,
924 517 1002 576 quae
1031 507 1116 557 recte
1139 498 1245 557 locum

128 607 300 667 obtinebat:
321 609 416 664 mihist
435 608 533 679 Opus?
569 605 637 662 Nec
659 613 738 678 erat,
761 602 841 685 quod
860 603 979 681 reliqua
997 625 1015 662 a
1033 605 1244 664 communione

126 734 270 774 versuum
287 712 477 783 secluderet,
501 730 580 789 quae
598 711 642 768 sic
661 709 834 770 dimetiare:

415 849 453 905 Et
474 845 650 916 cesaream,
675 847 820 921 levemque
841 848 958 904 rotun·
1006 820 1010 825 .

128 985 270 1045 Ceterum
293 982 424 1063 pulchre
448 981 502 1041 ille
528 985 592 1040 ideo
619 982 752 1041 restituit
775 1003 829 1062 pro
853 988 909 1039 tuo.
952 979 1023 1039 Non
1045 980 1158 1039 maiore
1181 979 1244 1038 fide

127 1100 174 1151 est
197 1091 341 1162 alterurn,
369 1087 451 1166 quod
472 1089 613 1166 Roepero
634 1087 656 1146 l.
681 1109 707 1146 c.
729 1109 760 1168 p.
783 1097 835 1151 256
857 1086 999 1159 debetur,
1032 1080 1242 1165 exemplume

128 1204 244 1279 Bmmco
269 1196 308 1256 fr.
330 1202 364 1256 14

835 1301 951 1370 ebrius,

280 1407 390 1478 Ma'rce,
413 1406 554 1482 Odyssia'n
575 1409 650 1464 enim
669 1409 790 1464 Homeri
810 1409 954 1465 ruminari
972 1407 1084 1480 zircipis,

281 1515 350 1571 Crim
372 1507 439 1588 περὶ
462 1503 580 1588 τρόπων
602 1515 779 1586 scripturum
801 1513 829 1570 te'
848 1517 907 1571 scio
928 1515 1083 1587 receperis.

128 1667 180 1727 Sic
203 1666 283 1724 enim
310 1669 417 1724 etriu's
438 1664 599 1723 scribendo
623 1684 677 1743 pro
700 1668 839 1723 etr-isses
862 1684 900 1724 ea
923 1664 1035 1737 verba,
1064 1683 1143 1742 quae
1170 1673 1243 1723 ante

127 1772 284 1852 pedestria
311 1770 518 1844 habebantur,
549 1772 580 1829 in
609 1766 753 1830 numeros
777 1769 961 1830 vindicavit:
990 1769 1044 1830 sed
1067 1780 1169 1829 tamen
1188 1772 1242 1841 ita,

127 1889 161 1938 ut
188 1866 254 1938 uon
281 1878 361 1938 absit
385 1876 533 1937 dubitatio
558 1877 689 1935 maxime
711 1877 749 1935 de
772 1874 924 1948 secundo,
948 1877 1014 1935 sive
1034 1877 1151 1935 hiatum
1175 1878 1243 1936 sive

127 1987 268 2064 Respero
291 1983 532 2044 commendatam
554 1988 731 2042 ruminaricr
751 1985 879 2042 formam
900 1982 1068 2042 admiseris.
1107 1984 1189 2042 Nam
1203 2003 1244 2043 ne

128 2093 172 2151 sic
193 2091 315 2170 quidem
332 2110 416 2148 meas
431 2091 504 2148 mihi
522 2110 610 2149 aures
627 2088 797 2147 consulenti
811 2098 974 2148 venustate
996 2098 1154 2169 praestare
1175 2111 1243 2149 ver=

128 2198 240 2257 siculus
269 2196 400 2256 videtur.
451 2195 557 2273 Quid?
587 2195 613 2253 si
632 2215 671 2253 ne
694 2202 763 2252 sunt
784 2194 906 2273 quidem
926 2195 973 2253 illi
995 2196 1162 2274 septenarii
1182 2205 1259 2255 tro-'

128 2305 245 2364 chaici:
274 2323 398 2383 possum
425 2303 509 2374 falli,
545 2301 600 2360 sed
622 2300 764 2359 videntur
785 2302 857 2360 mihi
879 2323 940 2360 non
964 2302 1062 2361 minus
1086 2301 1245 2362 commode

127 2409 275 2469 octonarii
295 2407 368 2466 inde
388 2406 514 2466 ‘iambici
532 2406 668 2485 prodire:

835 2525 933 2583 e'brius

280 2634 331 2700 Es,
351 2630 462 2699 Marce,
487 2631 629 2705 Odyssia'n
649 2634 723 2687 enim
742 2663 752 2670 -
771 2632 894 2688 Homc'ri
913 2632 1091 2690 rumindrier

280 2712 395 2809 Inci'pi’,
415 2754 479 2794 cum
496 2731 564 2811 περὶ
583 2725 699 2810 τρόπων
715 2739 893 2811 scripturum
911 2738 940 2794 te'
954 2742 1013 2795 scio
1028 2737 1185 2811 reciperis.

127 2891 221 2950 Intuli
237 2897 268 2948 et
279 2889 346 2966 ipsc
357 2887 482 2960 hiatum,
497 2887 552 2946 sed
566 2888 617 2966 qui
629 2887 781 2964 legitimus
796 2900 842 2950 est
854 2890 886 2948 in
897 2909 1024 2948 caesura
1036 2891 1195 2963 octonarii,
1210 2899 1245 2950 ut

128 3016 185 3055 nec
199 2994 300 3053 aliena
313 2990 351 3050 ab
364 2992 422 3050 hoc
434 3013 546 3069 genere
559 3013 701 3052 versuum
714 3003 761 3052 est
773 3014 810 3053 ea
823 3013 958 3066 caesura,
978 3015 1038 3075 qua
1049 2996 1156 3054 tertius
1168 2997 1245 3054 iuci-

129 3102 218 3173 ditur,
233 3099 265 3158 in
277 3097 375 3156 medio
390 3098 469 3178 pede
481 3100 595 3178 quinto.
613 3099 660 3159 Of.
673 3101 838 3159 Kraussius
854 3103 875 3161 l.
884 3123 910 3159 c.
919 3124 949 3181 p.
961 3112 1021 3164 554.
1042 3101 1105 3161 Sed
1116 3102 1246 3162 videant

129 3208 168 3267 de
196 3205 233 3264 iis
254 3202 393 3263 versibus
413 3204 588 3282 peritiores:
618 3226 675 3283 ego
698 3206 730 3265 ld
755 3209 879 3266 vincere
902 3206 1025 3280 videor,
1048 3229 1087 3268 ne
1102 3209 1162 3268 hoc
1178 3212 1244 3290 qui-

128 3311 195 3370 dem
219 3309 357 3388 exemplo
387 3309 460 3366 satis
484 3307 522 3366 de
546 3313 652 3371 ebriu's
679 3313 775 3372 forma
801 3298 957 3372 constare:
988 3334 1079 3392 quam
1102 3335 1158 3392 ego
1183 3336 1245 3376 non

127 3427 190 3476 tam
212 3415 335 3492 defugio
358 3414 463 3486 auxie,
495 3435 584 3493 quam
606 3420 676 3478 nolo
698 3421 757 3478 nisi
779 3418 947 3479 indubitato
971 3421 1111 3500 exemplo
1134 3422 1245 3483 admit-

127 3535 203 3583 tere.
246 3523 297 3582 Sic
320 3529 403 3596 opust
424 3521 553 3580 Varroni
576 3543 591 3582 e
616 3523 754 3583 codicum
774 3525 912 3602 vestigiis
935 3526 1082 3585 Miillerus
1106 3527 1246 3590 attribuit

128 3630 166 3688 de
188 3629 293 3706 lingua
315 3628 426 3685 Latina
447 3627 526 3687 VIII
549 3638 591 3690 10.
630 3630 679 3690 Of.
703 3610 1026 3691 Lachmannuinucr.
1042 3653 1071 3710 p.
1088 3642 1131 3696 29.
1159 3635 1247 3694 Illud

126 3755 212 3807 vero,
236 3732 317 3812 quod
340 3716 439 3791 eidem
460 3734 601 3813 Roepcro
618 3734 754 3808 debetur,
777 3736 902 3795 monstri
917 3735 1015 3795 simile
1033 3746 1079 3796 est
1094 3747 1246 3813 propterst

127 3840 160 3898 in
179 3839 238 3897 hcc
261 3843 436 3902 Sessorcmxrs
457 3860 548 3899 versu
570 3840 620 3917 (fr.
643 3840 689 3918 10)

278 3955 412 4014 Minc'roa
433 3962 510 4031 quod
525 3960 678 4033 proptc'rst
698 3964 729 4018 id
748 3960 912 4034 siqnificdre
933 3980 997 4020 eum

278 4064 405 4136 Propter
428 4067 597 4122 doctrinam.

127 4181 179 4258 Ita
206 4199 285 4257 enim
312 4197 366 4256 ille
396 4197 577 4257 deformavit
600 4201 817 4277 fragmentum,
848 4201 929 4281 quod
951 4203 1044 4280 vulgo
1068 4206 1112 4263 sic
1135 4207 1245 4267 scribi-

129 4314 192 4364 tur:
216 4306 297 4374 Quod
316 4305 449 4363 Minerva
468 4313 591 4379 propter
609 4311 700 4376 stetit,
723 4310 888 4381 sipnificarc
908 4326 972 4366 eum
989 4320 1115 4383 propter
1135 4315 1245 4372 doctri-
