2760 4890
516 336 774 387 conmortuus.
1143 324 1203 386 159

48 468 60 485 ,
87 495 225 570 tessulis,
246 504 310 554 tum
324 497 445 576 pictura
466 495 547 556 orbis
566 505 667 556 terrae
687 504 849 556 exornata:
874 496 919 555 sic
942 497 1022 554 enim
1041 494 1204 572 legendum

87 607 174 662 radio
196 603 344 678 pingens?
388 604 502 662 Parum
526 622 672 681 prospere
697 602 742 661 illi
773 600 955 660 emendandi
984 622 1078 681 opera
1102 604 1205 677 cessit,

88 728 275 790 quamquam
301 706 468 768 Oehlerum
495 729 556 768 non
581 706 675 767 valde
697 706 800 766 decuit
821 728 859 766 ea
881 715 1050 777 commenta
1070 707 1203 766 insolen-

85 817 149 875 tins
179 815 328 876 deridere.
377 790 425 874 Is¹
447 816 527 874 enim
555 833 623 873 cum
651 812 728 872 haec
752 815 784 872 in
813 822 899 873 textu
922 812 1122 873 confidentius
1151 832 1203 871 ex·

88 921 272 1000 pressisset:
290 917 494 1002 Περιχονδριᾷ
508 923 579 979 milri
589 922 684 995 socies
699 925 891 979 maeandrum
905 930 992 995 atque
1007 924 1203 989 vermiculata,

87 1034 177 1106 atque
203 1030 288 1085 etiam
318 1031 389 1087 adeo
415 1032 518 1103 pinges
538 1030 633 1087 orbem
655 1035 768 1095 terroe,
792 1026 874 1085 hanc
894 1026 955 1085 illis
978 1025 1204 1085 adnotationem

88 1132 236 1193 subiecit:
258 1117 491 1210 ‘Corrigendum
514 1142 581 1193 erat
600 1129 792 1216 περιχονδριᾷ
815 1134 885 1190 mibi
907 1134 1010 1207 focas.
1052 1127 1205 1207 Χονόριᾶν

88 1246 138 1297 est
158 1237 303 1317 polentae
323 1237 375 1298 vel
396 1239 495 1298 alicae
517 1238 709 1316 globulorum
729 1239 825 1297 instar
847 1256 925 1309 esse,
949 1244 980 1295 et
992 1237 1105 1296 festive
1118 1257 1204 1296 usur·

87 1350 181 1422 patur
208 1343 247 1403 de
272 1344 353 1403 facie
379 1345 563 1404 variolarum
594 1343 788 1403 cicatricibus
820 1342 931 1418 insigni
959 1350 1012 1402 aut
1032 1344 1114 1420 rugis
1136 1364 1204 1422 per·

88 1447 226 1522 sulcata,
251 1448 404 1529 planeque
431 1450 569 1511 similiter
593 1449 742 1510 eiusmodi
763 1449 860 1509 facies
881 1447 1015 1507 solemus
1037 1449 1139 1508 facete
1160 1448 1204 1507 di-

89 1572 178 1656 ceret:
208 1557 464 1631 Erbsenqesiclter
483 1556 535 1617 vel
558 1556 860 1639 Groupenpesicbtcr?
906 1553 1049 1613 Ceterum
1065 1559 1205 1629 pingere

88 1659 252 1719 rarissima
263 1660 370 1721 Rothii
392 1663 603 1724 emendatione
626 1662 752 1721 ascivit:
777 1672 864 1735 atque
883 1679 970 1720 verm.
985 1659 1205 1737 neglegentius

88 1762 197 1825 scribit
208 1785 263 1844 pro
275 1776 303 1825 et
320 1786 406 1835 verm.
432 1771 585 1850 Denique,
601 1789 661 1849 quo
673 1770 775 1828 statim
787 1768 934 1847 placaret,
952 1766 977 1824 si
990 1766 1074 1825 cuius
1089 1766 1206 1824 animus

88 1869 229 1929 nonnihil
250 1870 290 1930 de
307 1893 401 1933 sensu
417 1874 579 1934 verborum
595 1876 744 1935 sollicitus
759 1883 851 1946 esset,
872 1872 1017 1932 subiecit:
1041 1872 1206 1936 ‘sententia

88 1976 255 2053 fragmenti
275 1977 368 2056 plana
388 1983 456 2040 est'
500 1980 544 2039 At
565 1981 658 2054 haec,
687 2000 767 2060 quae
787 1999 827 2038 ne
846 1999 921 2037 sana
942 1978 1065 2059 quidem
1087 1988 1118 2038 et
1140 1979 1207 2038 sani

88 2083 220 2143 bominis
251 2105 320 2145 esse
346 2085 578 2165 intellegebam,
606 2087 710 2146 nescio
737 2105 828 2166 quam
849 2084 923 2143 mihi
942 2083 1056 2143 bardus
1079 2093 1112 2142 et
1134 2083 1206 2142 iusi·

88 2190 181 2269 pidus
210 2193 296 2252 visus
326 2194 398 2268 sim,
424 2213 492 2253 cum
513 2193 591 2253 adeo
613 2194 731 2253 laudari
753 2193 804 2253 vel
824 2213 862 2251 ea
878 2200 995 2250 tantum
1017 2190 1134 2249 ratione
1159 2166 1206 2249 ress

88 2295 157 2356 felli
175 2296 324 2372 viderem,
346 2294 429 2380 quod
450 2300 583 2360 nondum
605 2301 762 2362 inventum
785 2307 868 2359 esset
888 2296 976 2358 verbi
993 2292 1206 2376 περιχονδριᾶν

90 2404 279 2485 exemplum:
298 2404 380 2486 quod
399 2405 537 2486 quidem,
561 2408 587 2467 si
605 2408 728 2466 unicum
750 2405 885 2466 obstaret
903 2404 983 2477 illis,
1004 2400 1207 2491 ¹concederem

90 2512 238 2585 Varroni,
261 2519 295 2571 nt
314 2531 382 2571 curn
402 2511 544 2593 χονδριᾶν
567 2513 742 2589 haberetur,
761 2506 972 2589 atbrxoviptoiv
993 2529 1048 2568 suo
1069 2507 1206 2587 periculo

91 2616 263 2695 effingeret.
307 2617 390 2678 Usus
409 2629 456 2680 est
478 2639 514 2679 eo
537 2627 715 2697 argumento
738 2615 945 2688 Mereklinns,
969 2615 1037 2694 qni,
1067 2634 1136 2674 cum
1156 2612 1209 2673 vel

90 2724 160 2783 sine
177 2743 216 2784 ea
236 2743 314 2785 voce
335 2727 430 2805 plana
451 2747 519 2787 esse
541 2725 638 2786 verba
658 2724 870 2796 arbitraretur,
899 2730 1023 2801 propter
1042 2721 1208 2801 praefixam

90 2849 161 2909 περι
186 2830 342 2904 voculam,
374 2832 629 2912 quemadmodum
652 2830 725 2889 olim
748 2831 888 2907 Scaliger
911 2837 942 2887 et
962 2828 1135 2899 Mercerus,
1163 2828 1208 2885 in·

91 2936 289 3016 scriptionem
307 2937 437 2998 alteram
454 2948 600 3012 sectatus,
622 2938 758 3018 reposuit
779 2935 821 3009 id,
842 2934 923 3015 qnod
945 2954 1003 2993 nec
1018 2934 1127 2993 litteris
1146 2933 1209 2994 ullo

92 3042 182 3102 modo
212 3042 356 3103 convenit
384 3064 442 3104 nec
475 3046 637 3127 quiequam
665 3041 810 3124 praesidii
839 3061 856 3100 e
884 3041 1061 3118 fragmentis
1090 3041 1209 3099 nancis-

92 3150 182 3223 citur,
204 3143 275 3228 περὶ
288 3147 510 3227 σπουδαρχιῶν.
543 3154 625 3228 Ergo
648 3148 748 3208 missis
770 3148 836 3206 istis
860 3147 959 3206 denuo
981 3126 1209 3225 proficiscamur

92 3277 112 3317 a
137 3255 240 3316 libris:
273 3256 453 3335 inquorum
471 3258 617 3317 memoria
635 3254 810 3327 verissime,
833 3255 877 3312 uti
900 3253 972 3325 dixi,
993 3251 1124 3310 Rotbius
1144 3255 1209 3324 pin·
1277 3298 1282 3310 .

91 3383 143 3441 pes
163 3364 300 3444 reposuit
317 3382 372 3441 pro
394 3367 482 3440 tapes.
526 3363 619 3424 Unde
639 3362 710 3422 ilico
734 3360 954 3420 consectarium
975 3358 1018 3430 fit,
1036 3358 1131 3431 sodes
1150 3377 1210 3415 non

81 3492 165 3565 xesse
192 3490 321 3545 nomen,
354 3468 410 3527 scd
442 3469 530 3530 verbi
559 3472 686 3530 sormam
714 3487 794 3549 quae
823 3465 868 3524 illi
895 3462 1094 3543 respondeat:
1129 3461 1211 3542 quod

93 3597 156 3637 non
174 3586 248 3657 puto
270 3575 460 3655 Scaligerum
479 3578 612 3656 fugisse,
637 3576 693 3637 sed
718 3574 796 3651 fugit
818 3592 886 3630 cum
908 3570 1055 3650 Popmam
1071 3578 1133 3628 tum
1147 3590 1208 3628 me-

93 3682 235 3743 morabili
255 3682 469 3759 alucinatione,
492 3689 678 3759 campiones
699 3679 878 3761 probasset,
902 3675 1068 3737 Oehlerum
1092 3684 1123 3734 et
1146 3676 1210 3756 qui·

93 3788 150 3850 bus
178 3789 232 3849 ille
259 3790 411 3869 imposuit.
457 3791 560 3870 Quare
583 3792 774 3851 nroeandrntto
801 3795 827 3843 el
855 3787 1043 3843 vermiculata
1068 3790 1138 3841 sunt
1160 3802 1210 3840 ac·

95 3898 227 3957 cusativi
246 3897 396 3956 neutrius:
420 3917 499 3977 quae
520 3896 568 3955 cui
587 3894 700 3953 nomini
720 3892 941 3964 adhaeserunt,
963 3889 996 3948 id
1015 3891 1113 3969 ipsum
1136 3887 1211 3948 deli·

94 4014 215 4065 tescere
243 4005 275 4062 in
300 4005 419 4081 graecis
447 4003 514 4063 istis
539 4019 780 4078 περιεχονταριαν
809 3995 943 4056 confido:
976 3995 1057 4055 unde
1083 3996 1212 4074 primum

95 4130 152 4168 sua
174 4117 283 4189 sponte
304 4111 432 4188 emergit
453 4104 640 4188 περιέχοντα,
664 4127 723 4186 qun
744 4125 821 4166 voce
845 4103 987 4162 circuitus
1012 4103 1209 4180 significatur,

95 4236 156 4296 quo
182 4216 239 4277 illa
260 4217 364 4276 nescio
393 4237 470 4297 quac
498 4218 690 4273 maeandrum
717 4221 744 4270 et
771 4213 958 4269 vermiculato
980 4209 1095 4267 institui
1120 4206 1211 4266 debe·

95 4322 182 4383 bant.
226 4323 276 4383 Ac
300 4322 499 4384 maeandrnta
527 4330 559 4379 et
581 4319 781 4380 vermiculata
806 4338 873 4375 curn
892 4316 980 4395 plura
1003 4313 1063 4371 dici
1085 4312 1211 4390 possint,
