2760 4890
529 350 786 400 contremunt.

203 531 235 590 p.
258 518 310 574 176
342 510 424 584 Equi
441 513 536 567 colore
555 509 689 584 dispares
707 511 773 568 ite'm
796 511 874 568 ruiti:

250 689 253 694 ¹
344 607 401 677 nic
422 618 533 686 111111,
552 620 604 674 ssa
623 615 725 690 pervus,
748 619 794 674 iere
817 616 956 704 meram.

91 750 177 814 Vide
200 773 230 831 p.
253 761 297 816 35·
347 753 405 812 His
432 749 565 812 addendi
590 758 672 823 sunt,
704 751 762 810 nisi
785 771 833 809 me
862 751 941 809 fallit
972 754 1121 831 opinatio,
1154 753 1223 833 duo,

93 858 135 919 dc
159 865 279 916 Brumae
298 857 476 918 choliambi:

203 1016 234 1075 p.
257 1006 307 1058 101
344 997 388 1054 Ne
408 994 455 1053 me'
471 997 597 1068 pedatae
611 993 748 1052 'versuum
772 1039 778 1051 .
803 1039 809 1051 .
833 996 936 1053 tiator

342 1102 485 1175 Refre'met
503 1106 567 1157 arte
588 1100 720 1172 ea'mpari
736 1102 869 1174 rqttrmu'a
890 1103 1010 1171 ee'rtam,

94 1237 135 1297 116
159 1235 270 1317 quibua
291 1235 390 1296 dicam
408 1235 448 1295 ad
470 1255 537 1294 eam
561 1241 704 1293 saturam.
741 1232 832 1314 Quod
853 1257 926 1296 vero
949 1196 1088 1316 Sbaligcr
1109 1240 1139 1296 in
1163 1259 1212 1297 ca-

93 1343 220 1403 talentis
241 1364 273 1423 p.
296 1351 346 1405 118
366 1341 503 1402 ciusdem
525 1342 646 1418 generis
669 1342 841 1420 exemplum
862 1343 1004 1421 protulit:

247 1479 335 1553 Iaflit
352 1482 526 1553 priusquam
549 1477 635 1535 tibias
656 1481 686 1535 in
707 1479 859 1536 trebietra

248 1587 337 1645 Domi
355 1604 425 1644 suae
446 1587 593 1660 Pythauta
616 1585 740 1643 ramicis
761 1587 878 1658 rumpit,

93 1743 154 1783 nee
176 1720 217 1781 ad
240 1742 308 1782 eam
330 1722 414 1780 ouius
436 1741 504 1781 asse
527 1720 625 1780 voluit
642 1728 774 1780 saturam
796 1726 866 1776 0166
886 1726 975 1777 Amic
994 1724 1135 1808 pertinet,
1155 1745 1213 1783 neo

46 1878 52 1889 .
88 1832 262 1905 pqtbauIem
289 1836 375 1887 recte
404 1827 565 1908 explicuit,
603 1847 660 1886 nco
684 1826 815 1907 deniquo
844 1827 923 1905 talos
952 1849 1059 1887 vcrsns
1080 1831 1153 1889 licet
1175 1853 1213 1890 ox
1277 1824 1279 1829 ’

84 1935 155 2013 'hae
171 1935 317 1995 librorum
336 1935 480 1993 momoria
503 1932 596 2010 (Non.
618 1955 648 2012 p.
669 1942 726 2006 166,
751 1932 813 2013 tol:
836 1940 1006 2010 priusquam
1032 1941 1062 1993 ia
1083 1949 1213 1996 oreestra
1239 1956 1245 1963 ·

88 2043 250 2115 pythaules
271 2043 350 2115 instet
370 2043 461 2110 tibias,
485 2044 561 2098 domi
581 2059 651 2098 suae
675 2046 798 2100 ramices
820 2047 928 2115 rumpit
949 2041 1146 2120 probabiliter
1169 2046 1211 2102 ef-

94 2146 222 2224 fingere.
269 2146 332 2206 Sed
351 2153 454 2204 tamen
472 2146 569 2207 latent
590 2147 633 2206 ibi
653 2148 780 2220 numeri,
805 2168 880 2227 quos
903 2148 946 2206 ita
966 2168 1129 2227 recupero:

248 2283 425 2356 Priusquam
440 2287 468 2340 ia
486 2285 637 2342 orchestra
647 2287 805 2359 pythaules
820 2284 901 2358 instet
916 2286 1000 2343 tibiis
1014 2288 1090 2343 domi
1106 2282 1178 2344 seiae

250 2390 385 2448 Iieimicee
406 2391 524 2465 rumpit.
1086 2370 1089 2374 ⁴

93 2527 279 2599 Pythautem·
290 2533 320 2585 et
338 2546 456 2585 omnem
471 2528 651 2586 sententiam
667 2526 818 2586 Ochlorus
834 2527 973 2605 apposite
988 2527 1108 2585 Horatii
1123 2550 1212 2588 versu

95 2631 126 2688 in
147 2639 214 2690 arte
234 2631 358 2710 politica
377 2640 431 2694 414
449 2632 597 2691 illustrat:

699 2772 750 2840 qui
769 2770 875 2841 Ppttcia
896 2775 994 2824 cantat

250 2875 373 2943 Tibicen,
397 2878 494 2933 didicit
513 2880 598 2948 prius
621 2878 808 2948 extimuitque
831 2879 1006 2950 maqistrum

97 3008 135 3083 aql
162 3029 255 3090 quem
281 3029 403 3068 vorsum
428 3009 593 3069 Lambinus
623 3010 758 3069 meminit
789 3011 998 3068 Varronianae
1031 3015 1211 3074 sententiae.

97 3115 253 3195 Sumptum
287 3123 389 3176 autem
425 3116 500 3175 illud
537 3118 791 3194 fragmentumc
825 3126 929 3175 satura
962 3119 1010 3174 cni
1039 3119 1213 3179 inscribitur

12 3219 16 3227 ⁴
96 3227 239 3278 Trioorrnc
258 3227 404 3280 ’1111111166
423 3230 491 3280 nnn
513 3233 617 3280 Acarna
636 3229 772 3279 Kraonwc.
810 3223 903 3283 (iuius
924 3224 961 3282 sr.
984 3232 1000 3283 2
1020 3224 1160 3299 eosdem,
1180 3236 1213 3284 nt

96 3337 179 3408 puto,
200 3350 342 3390 numeros
365 3331 475 3390 refert:

247 3468 322 3525 Nam
350 3470 381 3524 rit
407 3485 476 3525 ecus
500 3471 551 3541 qui
571 3473 611 3526 od
632 3467 816 3525 arbitriumst
838 3472 938 3534 nattes,
968 3465 1129 3524 timentia
1152 3477 1211 3525 tra-

280 3564 282 3568 ’
905 3573 984 3628 aitrir
1007 3577 1142 3646 mapistro

250 3649 283 3738 lit
303 3683 400 3754 equita
423 3681 523 3738 doceat
546 3683 662 3738 tolutim.

96 3819 169 3874 Nam
191 3824 243 3874 aut
264 3814 333 3873 libri
353 3815 433 3874 Non.
454 3837 484 3894 p.
511 3825 568 3887 105,
592 3826 641 3877 30:
665 3818 717 3872 see
735 3823 765 3871 at
783 3835 813 3892 p.
838 3821 864 3885 4,
892 3823 932 3873 15.

178 3922 217 3980 In
240 3929 339 3992 Mauo,
368 3921 448 3980 unde
473 3921 667 3991 defleximus,
691 3940 758 3977 cnm
780 3929 842 3977 tres
867 3940 973 3978 verens
996 3923 1210 3999 recupararim,

94 4048 185 4087 unnm
207 4049 228 4097 a
249 4029 390 4108 Roepero
411 4028 528 4087 illatum
547 4047 650 4085 nasus
669 4025 829 4104 expellam.
859 4028 910 4084 rr.
935 4035 965 4086 12
982 4028 1025 4084 sic
1041 4027 1210 4111 1161111116-

94 4135 161 4192 nius
187 4154 217 4212 p.
244 4144 303 4206 113,
328 4145 359 4196 m
386 4133 526 4218 ‘Fallere’
549 4150 724 4206 eracapere,
747 4138 879 4205 iamaere.
919 4135 1032 4191 Mom'o:
1055 4133 1125 4191 ‘tam
1148 4153 1211 4191 eam

93 4243 236 4314 adquam
258 4246 373 4301 rentum
395 4251 421 4300 et
443 4246 585 4315 ospitium,
608 4243 654 4297 lae
679 4216 835 4298 bumaaum
853 4241 994 4314 satiasse!
1038 4239 1128 4316 Quod
1151 4248 1210 4296 tes·

93 4346 250 4435 timoninm
269 4347 340 4407 olim
358 4348 464 4407 Iunius
488 4356 518 4406 et
539 4349 696 4406 Merccrus
717 4348 761 4405 ita
784 4355 988 4419 correxerunt,
1008 4353 1041 4403 nt
1059 4346 1089 4402 in
1107 4364 1210 4403 corum
