2760 4890
100 302 148 406 3'6'
287 334 289 338 ⁴
529 352 787 403 conmortuus.

98 521 201 593 paret,
223 532 313 593 quam
326 512 418 572 valde
436 515 555 573 'ionicus
572 532 713 572 numerus
732 513 902 573 conveniat.
936 510 1109 571 Cleonem
1122 511 1217 571 Nonii

4 669 8 676 .
98 619 167 678 loco
190 620 299 678 citatos
321 638 428 679 versus
451 619 565 678 Lucilii
624 649 626 655 ·
901 610 908 622 ’

302 758 393 814 Stulte
414 760 550 814 saltatum
573 764 599 814 tc
620 760 696 813 inter
716 724 824 814 venisse
847 758 982 813 cinaedos

101 900 131 950 et
150 892 253 952 Plauti
275 911 292 951 c
310 892 413 952 Milite
431 892 564 970 glorioso
587 901 639 956 668
661 889 728 968 (111
749 901 782 965 l,
805 889 852 970 74)

145 1049 215 1103 Tum
234 1043 274 1103 άά
293 1049 458 1104 saltandum
479 1047 536 1103 noo
558 1049 696 1104 cinaedus
715 1044 845 1103 malacus
867 1043 1090 1118 aequest-citone
1111 1061 1171 1117 epo.

101 1165 149 1257 cfss
170 1205 332 1278 practerea
352 1197 450 1258 Stichi
472 1217 616 1257 scaenam
636 1206 834 1277 postremam:
858 1218 885 1256 v.
907 1204 959 1261 769
978 1194 1023 1273 (V
1040 1205 1072 1268 7,
1097 1195 1138 1273 ])’

185 1337 241 1405 Qui
261 1337 378 1393 Ionicus
399 1344 450 1394 out
470 1321 660 1405 cinaedicust,
687 1339 738 1408 qai
753 1336 806 1392 hoc
830 1334 886 1392 tolle
901 1335 1005 1408 socero
1018 1335 1132 1406 possit?
1163 1410 1166 1417 Ι

77 1477 80 1483 ’
99 1491 149 1530 vv.
170 1479 232 1534 760.
251 1479 312 1534 772.
335 1471 484 1531 Pseuduli
501 1479 570 1534 1274
589 1468 633 1548 (V
649 1482 678 1545 l,
701 1476 758 1540 29).
802 1469 881 1530 Vide
895 1467 1077 1550 Lambinum
1097 1468 1137 1527 ad
1151 1469 1216 1527 Ho-

100 1577 170 1634 ratii
192 1596 283 1635 curm.
306 1576 357 1636 ΙΠ
379 1585 410 1650 6,
433 1586 477 1638 21.

184 1684 341 1762 Deinceps
369 1685 501 1742 musicus
530 1684 717 1760 singulorum
737 1704 931 1743 numerorum
950 1679 1090 1744 naturum
1110 1705 1217 1764 persc-

101 1797 187 1847 cutus
208 1788 344 1849 videtur:
368 1789 406 1849 de
425 1791 541 1850 heroici
561 1791 671 1850 saltem
685 1791 788 1852 indole
804 1812 873 1851 eum
887 1791 975 1870 plura
991 1793 1217 1870 exprompsisse

100 1896 157 1954 hoc
181 1897 384 1973 fragmentum
403 1896 516 1956 indicio
539 1906 600 1956 cst:
677 1909 680 1912 ’

185 2048 268 2108 XXI
284 2047 331 2128 (t)
361 2053 404 2109 Et
423 2055 454 2109 io
471 2053 569 2109 dicunt
587 2068 670 2109 suom
688 2055 849 2110 Briseidem
863 2055 1042 2126 producere,
1066 2056 1218 2126 quoactus

100 2161 215 2215 nervios
236 2165 366 2215 tractore
387 2159 502 2222 solebat.

163 2310 273 2369 'Haec
301 2311 381 2368 enim
408 2317 532 2369 auctore
556 2311 743 2370 Mommseno
772 2313 815 2370 ita
836 2312 1033 2390 interpretor,
1061 2309 1217 2369 Achillem

100 2418 223 2477 heroico
251 2416 375 2496 quidem
400 2414 499 2473 ubivis
526 2435 650 2475 numero
677 2418 735 2490 uti,
773 2417 829 2476 sed
853 2437 922 2475 eum
947 2415 1035 2474 modo
1066 2415 1218 2494 duriorem

100 2522 189 2582 modo
211 2523 360 2580 mitiorem
380 2522 609 2600 mollioremque
629 2542 736 2581 sonum
756 2525 872 2583 referre
882 2546 895 2583 :·
914 2543 1042 2602 eamque
1060 2522 1219 2581 mollitiem

72 2680 76 2685 .
101 2650 120 2688 a
139 2627 282 2700 Briseide
303 2628 415 2705 repeti,
439 2647 518 2707 quae
535 2630 657 2689 nervias
673 2631 738 2689 eius
757 2637 889 2689 tractare
906 2629 1012 2688 soleat.
1050 2629 1100 2687 Ita
1114 2628 1218 2708 lepide

100 2736 198 2794 Varro
226 2735 361 2812 ipsorum
385 2753 529 2793 versuum
560 2736 801 2796 vicissitudinem
828 2737 860 2794 in
886 2753 1034 2813 personas
1062 2734 1218 2793 transtulit

102 2861 170 2913 eas,
201 2860 279 2920 quae
302 2842 485 2920 praecipuas
513 2843 545 2900 in
563 2841 727 2902 Homerico
754 2842 887 2901 carmine
909 2849 1013 2919 partes
1036 2841 1217 2898 sustineant.

100 2947 265 3027 Reliquum
288 2954 349 3017 est,
379 2955 413 3004 ut
435 2947 500 3005 eius
529 2947 691 3024 fragmenti
714 2950 864 3028 scriptura
887 2946 1058 3020 dirimatur,
1089 2948 1219 3025 primum

100 3062 201 3112 utrum
223 3057 339 3111 nervios
360 3051 509 3111 scribatur
532 3074 571 3112 an
593 3060 695 3113 nereio
717 3064 834 3114 neutr0.
879 3051 961 3111 Illud
988 3054 1068 3111 enim
1096 3051 1166 3111 libri
1187 3055 1218 3110 in

100 3160 169 3219 loco
188 3160 351 3232 Varronis,
378 3179 437 3238 quo
452 3169 555 3220 tamen
570 3163 636 3240 ipso
652 3161 769 3220 Nonius
789 3162 912 3221 videtur
933 3168 1073 3221 neutrum
1088 3159 1218 3239 probare

101 3268 245 3328 voluisse.
282 3257 333 3326 Sic
350 3267 431 3325 enim
447 3268 498 3327 ille
519 3290 550 3348 p.
566 3277 639 3340 215,
657 3279 704 3331 13;
728 3269 833 3327 ‘nerei’
858 3273 1010 3327 masculini
1030 3276 1111 3355 sunt,
1134 3271 1221 3326 sicuti

98 3378 277 3449 plerumque.
310 3373 435 3432 ‘nereio’
455 3377 589 3449 seminini
603 3379 683 3449 opud
698 3380 795 3435 doctos
812 3381 914 3436 lectum
929 3386 972 3435 est
987 3393 1082 3449 saepe.
1113 3377 1217 3433 Verum

108 3485 202 3541 Varro
226 3483 301 3541 Onos
324 3484 422 3555 tyros.-
445 3484 577 3541 ‘scientio
601 3529 607 3540 .
627 3528 633 3539 .
652 3528 658 3540 .
679 3486 794 3542 nervios
815 3483 862 3561 [X
867 3483 963 3561 VII].'
998 3487 1102 3542 Nostri
1123 3487 1218 3541 Varro

103 3593 178 3650 Ooos
191 3595 287 3664 lyras.-
309 3589 348 3646 ‘ct
362 3592 393 3646 ie
409 3590 519 3647 dicunt'
538 3608 566 3647 e.
585 3610 613 3669 q.
631 3609 654 3648 s.
689 3588 728 3647 In
741 3589 887 3650 Leidensi
906 3594 1005 3648 nereio
1021 3599 1123 3648 neutro
1140 3595 1220 3665 opud

100 3700 211 3765 doctos,
235 3693 317 3773 quod
343 3696 416 3754 mihi
441 3717 550 3776 sapere
574 3695 840 3776 interpolationem
860 3696 990 3756 videtur.
1034 3697 1114 3756 Nam
1137 3697 1220 3776 quod

101 3800 183 3880 apud
203 3800 307 3860 doctos
328 3801 390 3878 legi
410 3807 525 3860 nervios
544 3803 688 3864 feminino
702 3804 822 3863 Nonius
836 3793 933 3876 ¹(licit,
956 3805 1015 3863 hoc
1033 3824 1092 3863 non
1108 3805 1219 3864 iniuria

102 3907 141 3967 ed
164 3923 247 3982 eum',
279 3928 369 3988 quem
392 3911 570 3988 saepissime
592 3910 755 3989 expilovit‚
788 3909 922 3969 Gellium
943 3911 1142 3984 rettulerunt,
1167 3915 1219 3991 qui

100 4015 179 4074 haec
199 4015 304 4074 scribit
322 4017 354 4074 in
375 4015 451 4074 libro
473 4015 523 4074 IX
541 4026 572 4090 7,
593 4027 624 4080 3:
648 4021 700 4075 sed
718 4019 753 4074 de
772 4019 877 4089 fidibus
899 4021 999 4075 rarius
1021 4022 1098 4077 dicta
1118 4027 1147 4076 et
1167 4024 1218 4076 mi-

100 4124 220 4179 rutilius
241 4131 300 4180 est:
322 4141 408 4196 quom
425 4140 485 4179 rem
501 4131 529 4181 ct
544 4126 595 4181 olii
615 4127 714 4181 docti
735 4126 791 4180 oiri
806 4132 835 4181 et
850 4125 1003 4183 Suetonius
1018 4129 1103 4182 ctiam
1124 4128 1217 4183 Tron-

101 4233 206 4303 quittus
226 4235 255 4288 in
277 4233 349 4288 libro
364 4233 494 4327 tectioroe
509 4232 646 4289 historice
657 4234 754 4302 primo
765 4234 842 4287 sotis
858 4241 1033 4304 compertam
1052 4246 1114 4287 esse
1133 4235 1217 4287 sotis-

101 4355 156 4412 que
179 4357 269 4412 super
292 4355 327 4394 ca
347 4345 481 4395 constare
502 4337 650 4412 affirmat:
680 4340 828 4419 nervios
849 4341 879 4394 in
897 4339 1003 4410 fictos
1026 4341 1152 4396 brumali
1173 4343 1218 4396 die
