2760 4890
176 317 236 380 192
604 327 863 378 conmortuus.
943 287 947 293 ¹
1054 381 1058 390 Δ

174 488 337 548 creduntur
348 487 442 553 titulis
455 488 564 547 aseivit
577 508 639 562 eos,
653 507 781 569 quorum
793 496 1017 567 partem-supra
1029 506 1060 564 p.
1073 492 1202 565 168sqq.
1215 504 1296 544 com·

173 596 276 676 posui,
303 615 362 676 quo
383 596 553 656 Varronem
577 594 706 654 subinde
730 615 746 654 e
770 593 957 655 Graecorum
975 590 1136 670 tragoedia
1155 611 1213 651 sua
1235 591 1297 651 dis-

174 704 302 762 tinxisse
323 689 471 781 opuscula
492 703 686 762 affirmarem.
725 682 862 780 Quorum
884 720 952 759 cum
972 698 1119 758 nonnulla
1141 719 1228 759 mera
1251 701 1295 758 in·

174 808 339 888 scriptione
371 806 504 886 aliquam
533 829 601 867 cum
625 807 786 886 tragoedia
817 827 930 886 graeca
954 806 1135 866 affinitatem
1159 806 1295 866 subindi-

139 923 148 947 ¹
175 923 259 988 cent,
284 915 316 973 in
336 922 515 973 transicmus
537 915 629 975 etiam
651 936 667 975 e
688 914 824 995 reliquiis
847 913 949 974 studui
964 914 1106 993 proferre
1130 914 1294 993 quaedam,

174 1042 254 1101 quae
272 1020 312 1079 ad
331 1020 526 1100 Aeschyleae
550 1022 728 1101 tragoediae
751 1019 976 1081 similitudinem
996 1020 1136 1080 instituta
1153 1021 1294 1081 videren-

174 1137 231 1187 tur.
278 1127 366 1206 Quae
384 1126 410 1184 si
432 1127 554 1187 fuerunt
574 1129 653 1188 inter
672 1129 742 1189 illas
761 1133 1053 1205 pseudotrapoedr‘as,
1077 1149 1170 1207 aegre
1197 1130 1295 1190 credi-

173 1234 235 1294 bile
259 1242 314 1307 est,
338 1233 369 1292 id
389 1233 471 1314 quod
490 1234 678 1294 Ritschelius
699 1236 764 1315 ipse
787 1233 911 1308 indicat,
935 1237 1049 1295 nomini
1069 1238 1199 1297 alteram
1213 1257 1293 1319 quae

79 1387 81 1391 1
175 1348 384 1428 argumentum
415 1339 564 1400 indicaret
602 1342 831 1421 inscriptionem
870 1342 901 1400 in
941 1344 1124 1402 consortium
1158 1343 1295 1403 additam

174 1448 281 1506 fuisse.
324 1447 470 1507 Attamen
490 1448 590 1507 fateor
610 1469 659 1508 me
681 1448 757 1507 nihil
780 1447 948 1525 argumenti
968 1448 1151 1528 repperisse,
1175 1469 1236 1528 quo
1259 1449 1293 1507 il-

114 1620 117 1625 ·
173 1553 234 1612 lam
256 1552 417 1640 Ritschelii
436 1554 635 1632 suspitionem
654 1563 708 1614 aut
729 1554 938 1613 confirmarem
960 1563 1011 1613 aut
1032 1554 1217 1614 refellerem.
1257 1557 1293 1614 In

173 1658 289 1718 incerto
312 1667 413 1718 autem
432 1658 502 1717 dum
523 1660 582 1718 hoc
602 1660 752 1742 relinquo,
774 1652 907 1719 nondum
929 1659 999 1720 ilico
1024 1660 1153 1721 alterurn
1177 1662 1216 1722 de
1240 1663 1293 1720 du-

174 1765 247 1844 plici
268 1773 425 1824 Eorrnsmrm
448 1767 645 1845 inscriptione
667 1765 740 1825 milri
763 1766 885 1847 quidem
906 1766 1018 1826 certius
1043 1768 1162 1827 evadit:
1187 1788 1293 1849 quern-

174 1871 346 1945 admodnm,
364 1872 446 1951 quod
463 1892 555 1951 supra
570 1873 750 1950 significavi,
766 1875 911 1934 universa
927 1874 1090 1955 illaquam
1104 1872 1294 1933 Merclrlinus

175 1999 241 2039 cum
269 1979 368 2040 studio
396 1987 574 2057 persecutus
604 1988 651 2038 est
681 1980 719 2039 de
746 1979 979 2060 Menippearum
1000 1981 1196 2041 titulisratio
1217 1982 1293 2040 mul·

173 2094 236 2145 tum
258 2086 361 2160 abest,
392 2096 425 2145 ut
452 2088 532 2145 omni
554 2086 744 2145 dubitatione
766 2095 908 2166 exempta
928 2087 1087 2149 habeatur.
1131 2088 1200 2148 Nec
1222 2088 1293 2148 volo
1338 2146 1342 2153 ,

174 2215 230 2253 nec
260 2214 384 2273 possum
416 2208 496 2250 nunc
530 2193 610 2252 hanc
640 2205 761 2251 causam
795 2213 873 2272 quae
904 2203 950 2254 est
976 2194 1015 2254 de
1046 2193 1142 2253 titulis
1174 2202 1292 2252 satura·

174 2320 239 2357 rum
267 2299 366 2381 deque
395 2298 637 2359 internoscendis
661 2301 771 2359 saturis
791 2308 822 2359 et
840 2299 1022 2377 logistoricis
1044 2299 1135 2380 plene
1156 2308 1292 2379 pertrac-

173 2413 255 2479 tare,
278 2406 333 2466 sed
356 2427 395 2465 ne
416 2428 464 2466 res
487 2427 543 2486 per
563 2428 597 2466 se
616 2408 689 2466 satis
712 2407 831 2467 lubrica
854 2427 890 2466 ac
912 2426 1060 2487 perquam
1074 2406 1224 2486 impedita
1238 2408 1292 2465 im·

173 2511 381 2590 probabilibus
409 2512 461 2572 vel
490 2513 577 2572 falsis
606 2512 796 2591 opinionibus
826 2515 918 2573 etiam
945 2512 1042 2591 magis
1072 2513 1291 2594 implicaretur,

175 2638 307 2704 sequens
340 2619 558 2698 pedetemptim
585 2618 748 2678 Merclrlini
776 2619 1012 2698 disputationem
1042 2621 1198 2699 proferam
1222 2621 1292 2681 bre-

174 2724 269 2797 viter,
306 2745 385 2804 quae
407 2725 531 2804 probari
552 2726 583 2785 in
605 2727 665 2785 illis
687 2728 805 2806 possint
828 2735 858 2786 et
881 2746 960 2807 quae
982 2747 1048 2786 meo
1067 2727 1192 2809 quidem
1214 2727 1291 2786 iudi-

174 2830 220 2888 cio
244 2841 296 2890 ant
317 2852 464 2911 perquam
487 2831 629 2909 ambigua
650 2842 703 2891 aut
724 2834 899 2893 reiectanea
918 2832 1089 2893 videantur.

258 2939 341 3015 Ergo
355 2938 494 3017 'primum
523 2960 627 2999 omnes
653 2939 705 3020 qui
733 2939 813 3019 apud
842 2937 1009 3000 Oehlerum
1034 2937 1187 2998 habentur
1208 2948 1290 2999 satu·

133 3037 140 3050 ’
173 3064 273 3104 rarum
298 3046 531 3126 Menippearum
559 3046 725 3124 nonaginta
754 3056 872 3126 septem
898 3065 1023 3105 numero
1051 3044 1155 3105 titulos
1183 3065 1290 3105 recen-

173 3154 234 3212 suit
255 3161 285 3213 et
306 3154 337 3212 in
356 3155 490 3235 quinque
510 3173 626 3232 genera
649 3151 815 3226 distribuit,
837 3173 941 3213 eorum
964 3153 1017 3232 qui
1038 3152 1149 3229 integri
1171 3152 1290 3241 duabus

174 3258 310 3339 partibus
338 3269 493 3333 constant,
523 3259 643 3319 nomine
670 3261 721 3321 vel
746 3259 908 3341 proverbio
935 3260 1000 3319 sive
1023 3278 1135 3338 graeco
1156 3259 1223 3320 sive
1246 3260 1289 3318 la·

159 3364 246 3441 tino,
270 3376 301 3427 et
321 3368 490 3446 argumenti
512 3365 645 3426 indiculo
663 3354 837 3427 constanter
851 3386 963 3444 graeco
979 3361 1051 3444 περὶ.
1062 3364 1291 3445 praepositione

172 3474 351 3552 praemissa,
377 3474 488 3535 deinde
513 3495 626 3563 eorum,
653 3493 780 3554 quorum
800 3474 851 3532 au't
868 3472 950 3552 prior
973 3481 1202 3552 tantum‘pars,
1222 3473 1290 3532 sive

77 3629 81 3633 .
173 3601 283 3640 nomen
310 3584 376 3642 sive
404 3579 597 3661 proverbium
624 3579 675 3640 vel
703 3598 846 3656 graecum
878 3575 929 3638 vel
961 3579 1089 3638 latinum
1118 3578 1289 3658 complexa,

173 3694 225 3745 aut
252 3689 402 3767 posterior
429 3697 545 3749 tanturn
573 3687 686 3750 tradita
710 3695 771 3760 est,
802 3676 870 3746 sive
888 3706 926 3745 ea
946 3703 1058 3763 graece
1079 3691 1291 3762 argumentum

172 3792 311 3853 indicans
334 3795 399 3854 sive
420 3795 524 3856 latine.
559 3796 663 3877 Atque
683 3794 721 3853 ab
742 3794 788 3853 his
803 3793 964 3873 postremis
979 3790 1191 3870 proficiscitur,
1214 3809 1288 3870 quo-

172 3918 239 3957 rum
265 3899 325 3957 tria
352 3902 493 3981 exempla
515 3910 634 3976 extant,
664 3906 700 3961 de
723 3904 912 3972 aombmatis,
935 3905 971 3959 dc
993 3900 1090 3974 officio
1111 3900 1225 3968 mariti,
1254 3901 1290 3956 de

172 4008 273 4077 salute,
297 4026 377 4085 quae
399 4015 461 4066 tam
484 4027 503 4066 a
520 4028 603 4067 more
620 4017 790 4068 saturarum
811 4008 967 4083 recedant,
991 4025 1081 4086 qnam
1102 4003 1142 4063 ad
1162 4003 1289 4080 logisto-

172 4110 302 4183 ricorum
329 4114 462 4172 rationes
490 4115 809 4194 proximaaccedant.
854 4115 958 4194 Quare
979 4134 1019 4173 ne
1040 4129 1120 4192 quae
1144 4109 1182 4169 de
1204 4117 1288 4168 satu·

174 4238 274 4277 rarum
301 4218 604 4301 logistoricorumque
634 4219 857 4282 discriminibus
882 4220 955 4280 satis
982 4216 1181 4298 probabiliter
1207 4234 1288 4274 com-

172 4329 272 4405 posita
300 4329 374 4401 sint,
410 4348 512 4388 rursus
541 4327 708 4401 diluantur,
723 4328 811 4417 ,illos
838 4328 964 4406 primum
991 4325 1095 4385 titulos
1123 4323 1289 4404 profligare
