2760 4890
197 315 238 378 48
629 330 886 403 contusarum.

279 488 329 547 IX
353 484 395 566 (9)
420 488 571 546 Iiominum
593 494 719 562 conavi,
742 495 837 549 uinum
862 462 975 552 alaudae
997 484 1068 568 quid
1085 499 1125 553 mi
1143 499 1274 556 laudato.

196 624 248 684 Sio
270 623 387 683 Nonius
404 641 434 701 p.
459 632 519 698 281,
542 633 586 697 30,
606 624 665 683 nisi
687 625 769 708 quod
790 633 919 687 conuiuii.
965 627 1134 704 Oehlerus,
1151 607 1243 712 'quid
1264 604 1318 691 alii

194 729 404 809 praeiverunt,
433 733 546 790 aliudue
572 734 690 804 quidni?
719 765 762 776 -
791 738 947 809 laudabat
968 733 1000 793 Ἀ
1021 754 1081 815 quo
1104 756 1165 796 non
1187 737 1317 798 multum

197 835 353 896 Gerlaohii
376 814 577 910 oommsnuun
601 835 747 902 discedit.
776 844 905 911 aliudue,
934 846 1036 915 quidni
1055 846 1199 903 laudabo?
1243 844 1330 909 Sine.

193 944 311 1033 ratione
327 951 361 1001 nt
362 962 503 1024 rumque:
526 963 596 1001 nam
614 949 654 1002 mi
674 946 773 1039 fornia
787 947 917 1007 Varroni
937 948 1081 1029 frequens
1102 959 1149 1010 est
1165 972 1222 1032 pro
1238 955 1316 1023 mibi,

192 1051 302 1110 tamin
316 1050 465 1124 versibus,
487 1053 526 1112 cf.
551 1031 717 1110 Dnvrcrorou
740 1054 776 1112 fr.
794 1062 845 1115 aa
858 1053 1000 1132 Roepero
1016 1055 1200 1130 restitutum,
1224 1077 1316 1138 qnam

192 1159 224 1217 in
245 1157 381 1265 pedest'
357 1177 381 1216 n
397 1157 544 1218 oratione.
574 1147 617 1217 Et
636 1167 684 1218 est
701 1157 779 1217 illud
793 1160 996 1238 fragmentum
1008 1171 1104 1222 metro
1117 1174 1314 1285 conceptum:

344 1297 496 1352 Dominum
516 1298 627 1354 convivi
645 1295 741 1354 uinum
759 1299 872 1375 aliudue
894 1298 966 1372 quid
986 1303 1027 1357 mi
1045 1302 1194 1358 laudato'.

189 1432 230 1510 ⁸In
251 1450 310 1513 quo
333 1433 403 1488 mibi
423 1429 552 1505 dativus,
577 1451 667 1513 quem
687 1427 818 1490 ethicum
836 1442 963 1506 vocant,
986 1435 1098 1514 optime
1126 1434 1228 1495 looum
1247 1436 1313 1497 tue·

191 1550 250 1600 tur.
292 1538 359 1597 Neo
387 1536 491 1597 debuit
519 1559 556 1597 ea
583 1538 712 1611 locutio,
746 1545 826 1619 q'uae
856 1524 903 1600 est
934 1544 1045 1599 aliudue
1075 1547 1158 1615 quid,
1188 1545 1313 1617 auferri,

192 1667 253 1728 qua
283 1644 363 1705 nihil·
388 1643 522 1703 orebrius
551 1645 590 1704 sit
615 1645 646 1704 in
673 1645 819 1706 Varronis
850 1646 888 1706 de
910 1647 1016 1725 lingua
1039 1647 1135 1707 latina
1159 1658 1190 1709 et
1213 1671 1313 1710 rerum

164 1737 167 1742 ’
191 1753 373 1813 rusticarum
392 1750 489 1810 libris.
810 1742 813 1746 Δ
1103 1746 1106 1750 ’

276 1861 318 1919 Et
340 1857 526 1938 parcendum
554 1856 622 1918 esse
654 1861 712 1919 arti
740 1868 847 1921 censet
870 1860 961 1934 idem,
983 1861 1021 1922 de
1043 1883 1104 1944 qua
1124 1862 1238 1942 vulgus
1258 1865 1310 1925 im-

190 1967 354 2047 peritorum
374 1984 414 2022 ne
437 1963 534 2042 possit
554 1964 677 2044 quidem
696 1967 754 2025 rite
777 1965 926 2027 iudicare:

316 2104 349 2162 X
373 2097 418 2179 (5)
449 2102 579 2174 Inperito
615 2122 828 2178 nonnumquam
862 2108 972 2163 conabo
999 2096 1111 2165 u'detur
1137 2115 1310 2185 marpmita,

274 2214 378 2280 vitrum
399 2212 577 2284 smarapdos.
1146 2215 1148 2221 '

188 2347 319 2407 Mercari
350 2353 396 2405 est
424 2343 515 2416 illud,
544 2343 626 2423 quod
648 2345 753 2424 scripsi
777 2351 890 2407 nitrum.
935 2347 1028 2406 Nonii
1052 2347 1120 2407 libri
1141 2371 1171 2429 p.
1190 2360 1253 2426 213,
1276 2363 1309 2417 25

166 2460 169 2467 '
188 2455 355 2534 depravate
375 2455 500 2526 inperito
520 2468 732 2537 nonnumquam
754 2472 844 2512 conca
865 2458 978 2512 uidetur
996 2459 1168 2529 marparita
1190 2463 1311 2517 mutami

187 2565 356 2637 simarpdos.
402 2557 493 2619 Unde
521 2554 703 2615 Gerlaohius
728 2567 867 2632 putamen
890 2565 1063 2643 smarapdos
1083 2560 1202 2622 elicuit:
1236 2565 1307 2645 ‘op-

186 2669 287 2741 time',
312 2666 355 2725 ait
370 2663 533 2735 Oehlorus,
557 2662 608 2741 qni
626 2662 702 2722 illud
724 2665 755 2723 in
775 2673 861 2739 tantu
881 2665 1042 2744 expressit.
1077 2667 1141 2725 Sed
1161 2688 1219 2746 ego
1237 2670 1307 2730 dum

185 2776 263 2834 haee
283 2773 377 2833 Nonii
395 2770 490 2832 verba
515 2767 674 2828 considero
696 2789 726 2848 p.
752 2764 811 2845 15'7,
833 2781 868 2836 28
885 2775 1039 2845 putamina
1062 2791 1119 2831 non
1140 2778 1232 2834 solum
1257 2796 1305 2834 ar·

184 2887 285 2941 borum
312 2888 393 2949 sunt,
431 2894 529 2936 uerum
556 2880 680 2935 omnium
709 2897 807 2936 rorum
834 2887 1045 2952 purpamanta:
1072 2898 1147 2958 nam·
1168 2886 1309 2956 quidquid

184 3007 223 3046 aa
244 3003 422 3062 quacumque
443 3002 476 3044 re
491 2988 644 3058 proicitur,
659 2994 801 3059 putamen
822 2990 996 3073 appellatur.
1024 2989 1149 3046 Plautus
1164 2989 1195 3042 in
1210 2987 1306 3060 Capti-

183 3099 225 3154 uis
255 3094 328 3172 [655.
351 3094 403 3151 ΙΙΙ
422 3100 454 3164 4,
477 3090 540 3174 122]
565 3091 728 3150 ‘nuculeum
748 3095 844 3161 amisi,
872 3095 977 3165 reliqui
994 3096 1112 3168 pipneri
1127 3098 1306 3165 putamina)

183 3220 290 3281 parum
316 3199 397 3257 illins
424 3197 820 3256 sententiae'conoinnitati
848 3197 965 3256 consuli
990 3206 1053 3256 tam
1075 3197 1231 3274 generalis
1252 3220 1303 3258 no-

182 3307 272 3366 tionis
291 3304 441 3366 vooabnlo
465 3303 604 3383 arbitror.
644 3303 748 3382 Quare
766 3304 798 3363 in
821 3325 859 3364 ea
877 3323 911 3363 re
933 3291 1111 3383 prudentior
1132 3305 1303 3384 Rosperus,

182 3415 234 3495 qui
256 3414 300 3473 ita
323 3411 427 3472 scribit
450 3412 470 3471 l.
495 3432 520 3470 o.
543 3434 573 3492 p.
597 3420 665 3476 573:

211 3553 214 3557 ’
312 3528 473 3623 'imperito
496 3551 702 3622 no'nnunquam
727 3545 839 3625 [etiam]
863 3550 974 3607 conabo
996 3548 1108 3607 uide'tur

332 3655 514 3730 Ma'rparita,
539 3654 600 3732 [ue'l
619 3654 728 3732 uitreo]
744 3656 831 3728 putat
850 3672 911 3713 asse
933 3657 1114 3732 smara'pdos.

181 3809 300 3888 Nempe
323 3808 466 3869 sotadeos
483 3828 551 3868 esse
568 3807 680 3881 voluit,
704 3808 756 3888 qui
773 3816 876 3868 tamen
896 3829 1011 3889 quaeso
1030 3807 1217 3889 quantulum*
1229 3808 1303 3870 fidei

124 3903 144 3930 '⁸
179 3891 329 3988 habeant,
357 3935 424 3974 oum
451 3934 530 3996 quae
556 3912 690 3974 motnim'
705 3912 797 3994 paulo
824 3914 936 3974 certius
966 3915 1102 3973 indicant
1126 3935 1188 3973 non
1214 3914 1301 3975 libris

180 4022 236 4081 sed
255 4023 388 4102 Rosperi
408 4021 578 4081 debeantur
595 4022 707 4082 manui.
749 4021 855 4099 Quare
885 4020 1057 4080 etiamnunc
1079 4021 1212 4080 Merceri
1237 4043 1298 4081 am-

179 4106 298 4210 plector
329 4130 499 4201 inventum,
539 4127 622 4208 quod
652 4149 692 4189 ne
731 4128 820 4188 abest
846 4128 969 4208 quidem
996 4138 1113 4188 tantum
1138 4149 1157 4187 a
1183 4130 1299 4190 tradita

78 4264 81 4284 ι
179 4238 338 4317 scriptura,
359 4248 504 4319 quantum
524 4235 665 4305 videatur
683 4235 782 4295 alieni.
815 4233 935 4314 Quippe
949 4235 1027 4295 haee
1040 4242 1160 4295 mutami
1174 4242 1297 4313 simarp-

177 4347 241 4407 dos*
262 4364 322 4403 non
360 4344 474 4404 distant
505 4342 544 4429 ab
570 4342 618 4400 his
646 4351 753 4401 mutam
777 4329 961 4417 ieiumipdos:
997 4352 1027 4402 et
1055 4344 1086 4402 ‘nr
1112 4344 1171 4403 hae
1197 4344 1298 4404 forma
