2760 4890
546 336 804 387 conmortuos.
1176 324 1234 385 195

118 502 192 555 illud
211 501 247 555 de
271 500 410 556 Varronis
431 507 534 556 saturo
552 502 738 580 proverbium
756 485 788 554 τό
812 491 859 553 ἐπὶ
881 495 918 577 τῇ
939 495 1023 578 φακῇ
1040 484 1144 571 μύρον,
1165 515 1233 575 pro·

119 604 225 664 verbio
247 605 356 676 utitur,
380 602 608 680 inscriptionem
632 613 754 662 saturae
777 625 837 662 non
860 602 991 660 curavit:
1016 621 1073 659 nec
1098 610 1144 659 est
1165 621 1233 680 pro·

117 712 199 769 fecto
229 710 310 790 quod
339 730 376 769 ea
403 731 442 768 ex
470 708 571 767 indice
597 721 718 770 saturae
750 718 869 789 sumpta
893 708 1114 780 existimemus,
1144 727 1234 788 quem

116 817 235 876 Nonius
264 819 354 896 plene
385 817 416 874 in
443 815 523 873 hunc
552 815 673 875 modum
703 817 822 876 citavit:
843 805 885 874 ’τὸ
907 810 954 872 ἐπὶ
977 813 1015 896 τῇ
1035 815 1119 897 φακῇ
1139 807 1234 892 μύρον

116 919 184 1002 περὶ
199 913 365 1000 εὐετηρίαςε
389 920 530 1002 idemque
551 922 745 1001 proverbium
760 921 938 982 Athenaeus
958 921 1046 980 affert
1061 922 1108 982 IV
1124 944 1153 1001 p.
1172 932 1232 996 160,

116 1038 151 1087 nt
178 1049 238 1110 non
265 1031 440 1088 necessario
471 1029 508 1087 de
533 1028 634 1087 indice
660 1039 782 1088 saturae
811 1029 963 1104 cogitasse
990 1028 1138 1088 videatur.
1183 1031 1233 1088 Ita

115 1135 208 1194 video
231 1135 379 1215 quasdam
401 1136 571 1195 locutiones
595 1135 814 1214 proverbiales,
839 1155 856 1193 e
878 1135 986 1215 quibus
1009 1137 1105 1196 Varro
1128 1137 1240 1195 titulos·

116 1253 285 1302 saturarum
309 1244 412 1322 petiit,
442 1243 533 1301 etiam
559 1243 637 1302 inter
665 1245 794 1303 aliarum
823 1251 992 1302 saturarum
1017 1243 1163 1322 reliquias
1186 1262 1231 1301 re-

117 1369 247 1409 currere.
294 1350 346 1409 Sic
368 1339 431 1406 tva
457 1341 548 1424 λύρας
570 1350 711 1410 dicuntur
737 1352 767 1408 in
791 1355 960 1405 Trsrsussro
982 1349 1019 1407 ir.
1042 1357 1074 1409 t:
1104 1347 1233 1430 ibidem-v

116 1477 176 1535 que
199 1457 281 1537 quod
304 1463 358 1516 est,
372 1460 447 1512 Atlio
468 1459 541 1513 idem
565 1460 735 1530 quodTitio
757 1461 802 1514 ins
824 1464 883 1513 esto
906 1464 1034 1533 apparet
1053 1457 1083 1513 in
1105 1455 1231 1532 inscrip-

116 1564 197 1622 tione
225 1572 346 1622 saturae
369 1569 434 1617 loun
453 1569 517 1617 Arri
538 1569 607 1627 Onon
627 1569 693 1619 Trrr.
732 1564 773 1622 Et
805 1560 885 1641 quod
910 1562 940 1619 in
963 1570 1135 1618 Ftsxrsuuns
1156 1562 1193 1620 fr.
1216 1570 1233 1624 6

116 1669 203 1728 dicit:
231 1687 336 1743 quare,
358 1688 373 1725 o
393 1670 503 1739 Marco,
525 1688 667 1742 pransum
687 1690 721 1727 oc
742 1677 878 1743 paratam
901 1686 963 1726 esso
986 1678 1012 1726 to
1035 1672 1088 1727 hoc
1110 1672 1232 1726 minume

115 1782 240 1847 oportet,
272 1776 401 1834 eandem
428 1777 612 1860 locutionem
640 1785 761 1835 saturae
790 1777 945 1853 inscripsit
973 1781 1230 1832 pressuspressus.

113 1882 209 1939 Porro
238 1888 306 1939 Cive
326 1889 416 1940 Girsu
437 1903 504 1941 cum
525 1883 683 1941 vocaverit
705 1893 854 1954 saturam,
880 1902 953 1940 usus
975 1889 1022 1940 est
1040 1900 1076 1938 eo
1099 1879 1180 1940 dicto
1200 1884 1231 1941 in

115 1992 291 2042 Ecnrsmnus
315 1988 350 2046 fr.
368 2000 394 2052 4,
440 1990 559 2069 Quibus
583 1988 730 2066 exemplis
752 1988 1060 2046 admoneor'saturae
1081 2007 1160 2066 quae
1184 1997 1231 2046 est

31 2176 34 2180 λ
113 2099 379 2174 Mvsrrc0s1‚quae
402 2117 468 2154 cum
490 2117 549 2155 uno
570 2093 724 2170 Fulgentii
750 2087 896 2176 perquam
919 2096 1034 2153 incerto
1056 2096 1229 2153 testimonio

112 2201 240 2272 nitatur,
263 2209 365 2280 potest
387 2203 490 2261 titulus
512 2203 631 2260 effictus
644 2206 723 2260 'esse
744 2223 781 2260 cx
806 2211 998 2259 Anusurrssuu
1021 2203 1058 2260 fr.
1081 2211 1098 2262 4
1126 2206 1165 2260 Et
1187 2220 1230 2259 me

112 2309 246 2381 Iuppiter
273 2311 437 2383 Olympiae,
467 2311 600 2367 Minerva
620 2311 739 2366 Athenis
762 2316 823 2369 suis
844 2320 934 2386 myst
941 2313 1066 2384 opopis
1088 2313 1228 2367 vindicas-

42 2409 49 2418 “
111 2423 182 2472 sent.
229 2413 291 2474 Sed
317 2416 375 2473 hoc
403 2415 434 2472 in
456 2424 648 2474 transcursu.
693 2416 792 2475 Venio
815 2416 854 2475 ad
876 2416 1187 2495 tertiumexemplum
1211 2437 1229 2474 a

111 2519 283 2579 Merchlino
308 2520 519 2602 disceptatum,
542 2523 594 2602 qui
619 2521 700 2602 quod
722 2522 769 2581 his
788 2523 961 2602 Philargyri
976 2520 1078 2581 verbis
1096 2522 1134 2581 ad
1150 2524 1227 2582 Ver-

110 2624 177 2702 gilii
204 2629 368 2704 georgicon
396 2629 430 2687 II
459 2640 511 2693 336
549 2633 643 2688 Varro
672 2633 700 2687 in
727 2639 830 2700 saturo
857 2647 931 2702 quoe
956 2634 1092 2688 scribitur
1123 2634 1157 2688 de
1181 2649 1227 2688 sn-

111 2736 169 2791 iute
189 2754 250 2792 non
269 2735 496 2816 inscriptionem
519 2745 657 2807 saturae,
681 2736 736 2795 sed
759 2736 928 2812 argumenti
947 2734 1112 2795 indiculum
1133 2738 1227 2796 conti·

109 2841 177 2899 neri
199 2840 375 2911 arbitratur,
408 2862 464 2918 ego
492 2862 531 2900 ne
557 2841 595 2899 de
621 2842 679 2900 hoc
707 2843 830 2924 quidem
851 2844 1023 2902 testimonio
1047 2841 1136 2901 aliter
1159 2863 1227 2901 sen·

111 2949 153 3006 tio
179 2966 215 3005 ac
244 2946 282 3006 de
311 2948 363 3006 illo
392 2947 550 3008 Gallieno:
585 2969 642 3008 nec
676 2952 755 3009 enirn
782 2949 863 3030 quod
885 2950 1042 3008 Prisciano
1066 2948 1227 3030 Gellioque

110 3053 237 3130 singulis
258 3054 404 3132 exemplis
425 3053 641 3126 concessimus,
663 3064 696 3113 ut
717 3076 859 3132 graecam
878 3056 1105 3135 inscriptionem
1124 3054 1227 3114 latinis

108 3160 212 3219 verbis
234 3161 378 3233 referret,
406 3175 468 3220 non
486 3161 651 3220 condonari
672 3163 855 3243 Philargyro
874 3170 983 3241 potest.
1028 3163 1071 3220 Ut
1090 3182 1149 3219 non
1171 3164 1226 3220 im·

107 3263 268 3343 probabile
298 3267 351 3340 sit,
380 3269 462 3346 quod
489 3267 570 3328 idem
593 3269 797 3340 Merclrlinus‚
826 3289 886 3327 non
907 3267 1010 3341 valde,
1034 3276 1067 3325 ut
1086 3269 1158 3327 mihi
1181 3269 1225 3328 vi-

109 3370 214 3445 detur,
249 3374 369 3433 sibimet
397 3377 463 3454 ipse
487 3383 645 3447 constans,
676 3375 805 3433 coniecit
831 3370 898 3453 arpi
924 3372 1069 3450 σωτηρίας
1089 3374 1159 3431 olim
1181 3375 1225 3431 in-

107 3478 253 3556 scriptum
277 3479 371 3538 fuisse
395 3480 423 3537 ei
446 3488 578 3554 saturae,
602 3502 694 3562 quam
715 3481 914 3560 Philargyrus
937 3485 972 3539 de
995 3484 1087 3538 solnta
1108 3479 1224 3538 citavit.

108 3581 173 3642 Sed
194 3583 275 3643 idem
299 3605 366 3644 meo
390 3585 511 3666 quidem
532 3589 644 3647 iudicio
667 3589 787 3664 longius
809 3588 944 3648 deflectit
966 3582 1224 3664 aprobabilitate,

107 3708 176 3747 cum
205 3689 379 3774 Philargyri
409 3695 611 3753 testimonium
642 3696 682 3754 ad
711 3696 843 3774 aliquam
871 3717 888 3755 e
912 3694 1030 3754 traditis
1055 3700 1225 3749 saturarum

106 3795 353 3874 inscriptionibus
373 3799 488 3857 referre
511 3802 621 3861 studet.
662 3803 741 3861 Nam
760 3802 834 3861 licet
857 3822 893 3861 ea
915 3821 1006 3882 quam
1024 3798 1225 3876 Philargyrus

106 3901 261 3979 perhibuit
288 3905 456 3962 sententia:
488 3913 624 3966 mundum
649 3912 730 3967 hored
752 3918 849 3966 nattam
874 3925 934 3965 esse
957 3923 1048 3981 neque
1070 3908 1144 3961 mori
1163 3924 1224 3962 non

108 4006 211 4064 aliena
243 4006 385 4068 videatur
419 4012 457 4069 ab
493 4022 669 4090 argumento
705 4023 826 4073 saturae
854 4033 931 4095 quae
957 4021 1004 4071 est
1035 4017 1223 4066 Kocnororrus
1261 4043 1270 4051 -

107 4119 177 4170 Hert
198 4121 307 4173 ‘beorsc
326 4125 447 4183 Kocnor,
479 4127 582 4177 tamen
609 4140 667 4177 nec
697 4121 843 4179 credibile
870 4127 916 4177 est
943 4119 1021 4177 haec
1049 4138 1128 4198 quae
1155 4126 1225 4175 sunt

108 4213 324 4297 nepi'rpdopoic
352 4217 465 4300 κόσμου
494 4247 513 4284 a
540 4245 691 4306 quoquam
717 4227 777 4285 illis
800 4233 834 4285 do
856 4231 948 4283 solute
970 4228 1052 4285 elata
1074 4246 1158 4298 esse,
1194 4232 1224 4281 et

107 4328 238 4386 maxime
268 4329 418 4388 lubricum
452 4333 483 4388 in
509 4332 714 4410 polygraphia
740 4333 886 4392 Varronis
924 4352 941 4388 e
968 4334 1139 4390 sententiae
1168 4330 1222 4388 ali-

958 4433 1019 4494 13*
