2760 4890
498 332 757 383 comessum.

63 501 182 553 Brmor
201 492 242 555 fr.
261 502 312 556 24:

103 638 110 649 ·
220 614 323 688 Ipsum
343 628 472 687 propere
492 615 544 671 ric
565 611 662 670 liberti
681 612 842 671 remidtratr'
861 613 1080 687 eccequio'ntur.

63 751 98 809 in
124 769 186 830 quo
212 748 339 824 propere
368 748 477 828 scripsi
507 767 563 828 pro
588 757 711 821 propter
737 746 819 829 quod
842 748 941 808 estin
962 747 1063 808 libris:
1093 769 1184 829 quem

66 854 290 914 correctionem
316 874 377 914 non
403 874 512 915 versus
539 856 639 932 gratia
664 855 777 913 factem
806 852 846 912 ed
874 873 941 912 eam
968 861 1102 913 saturam
1130 854 1183 917 dc·

65 960 194 1021 scudem
212 940 455 1042 sententiamque
474 980 584 1021 versus
600 940 751 1040 ¹operiam.

64 1075 244 1127 Autumno
266 1067 305 1129 fr.
327 1066 465 1125 unIcum:

219 1206 304 1264 Hace
321 1202 470 1278 la'm’peras
490 1205 641 1262 detonderi
661 1203 758 1262 docuit
775 1206 962 1276 tunicamque
984 1205 1147 1261 laomellum.

63 1338 105 1401 In
126 1360 277 1421 quocum
291 1338 429 1398 Kochius
451 1341 629 1416 agnovisset
648 1359 789 1399 numeros
813 1335 953 1415 (Oehleri
975 1358 1064 1397 aures
1082 1346 1116 1397 ut
1136 1358 1184 1397 so·

15 1452 24 1458 '
65 1447 133 1507 lent
153 1446 328 1508 hebetiores
350 1446 504 1525 fuerunt),
536 1465 609 1505 casu
628 1445 680 1506 vel
704 1444 821 1504 infelici
841 1443 1044 1503 festinatione·
1059 1445 1186 1503 monstri

66 1552 143 1635 quid
163 1555 287 1634 peperit
305 1555 337 1613 in
359 1551 627 1614 exercitationibus
648 1573 678 1632 p.
701 1560 751 1614 25:
842 1553 849 1565 ‘

798 1671 872 1727 hoec

220 1780 382 1855 Luniqcrcs
401 1781 551 1837 detonderi
570 1781 666 1837 docuit
688 1782 876 1850 tunicareque
894 1778 1057 1834 homullum.
1097 1757 1103 1769 ⁸

66 1924 204 1975 Vmerus
222 1922 333 1972 Divinis
354 1915 393 1973 l’r.
414 1924 445 1978 6:

106 2034 109 2039 ¹
220 2054 287 2112 Non
314 2051 510 2127 quaerendas
536 2050 658 2121 homini,
693 2055 744 2126 qui
769 2054 854 2110 habet
883 2051 1030 2117 virtutem,
1055 2049 1187 2121 paenula

984 2159 1013 2212 in
1036 2154 1128 2211 imeri.

68 2295 197 2355 Hietum
226 2295 279 2374 qui
306 2301 354 2354 est
377 2295 409 2354 in
435 2294 483 2353 his
506 2302 560 2368 qut
577 2295 663 2351 habet
686 2292 794 2352 ecdem
815 2294 933 2353 ratione
955 2289 1094 2362 vindico,
1127 2309 1188 2369 que
1231 2367 1234 2371 Ι

71 2399 242 2461 consimilis
264 2398 368 2461 Pleuti
393 2398 535 2479 exempla
560 2409 631 2479 post
651 2401 860 2460 Hermennum
882 2397 1025 2478 probavit
1045 2396 1186 2455 Ritsche·

70 2506 129 2565 lius
150 2506 185 2565 in
204 2504 431 2585 prolegomenis
450 2506 491 2566 ud
513 2508 723 2567 Trinummum
745 2528 775 2586 p.
800 2523 890 2565 corn.
929 2503 997 2562 Nec
1016 2496 1120 2581 dispar
1142 2511 1189 2561 est

71 2612 128 2673 hoe
139 2612 357 2693 exemplumin
367 2614 505 2686 senariis,
521 2615 573 2693 qui
587 2614 729 2693 Roepero
746 2611 904 2684 debentur,
913 2616 1071 2667 'Pnonsrnn
1088 2610 1126 2675 fr.
1140 2619 1187 2673 16:

731 2736 763 2790 id
782 2733 814 2788 ἀι
832 2737 910 2790 scias
1016 2740 1029 2757 ⁹

118 2844 121 2849 ’
222 2838 300 2896 Audi
318 2839 374 2896 Mc
393 2839 471 2912 quod
488 2837 597 2911 fulsum
619 2839 693 2897 dr'eis
714 2855 785 2910 esse,
808 2838 917 2898 nemini

225 2936 330 3003 Oculos
349 2963 424 3021 opus
442 2962 506 3003 csse
526 2947 556 3003 ct
575 2948 660 3004 hebet
680 2987 901 3008 .....

56 3077 135 3138 'Sed
158 3078 219 3137 hoc
239 3078 326 3139 hiatu
352 3081 478 3143 multum
501 3080 589 3141 abest
609 3090 642 3140 ut
665 3101 722 3159 ego
746 3068 926 3143 defensitem
949 3082 1036 3143 illum
1056 3099 1188 3151 versum,

75 3184 157 3243 cuius
189 3202 284 3245 cuuss
307 3184 385 3245 haec
411 3185 579 3267 disputavi:
611 3190 678 3268 qui,
709 3190 735 3247 si
760 3199 807 3248 est
825 3187 1078 3267 Aristophanius,
1108 3184 1191 3267 quod

62 3300 155 3368 puto,
178 3311 240 3351 non
256 3291 316 3351 nisi
335 3290 396 3350 hoc
414 3291 504 3353 modo
527 3293 683 3354 commode
704 3294 833 3372 legitur:

224 3429 259 3489 Su·
277 3430 335 3487 nde
354 3432 437 3487 malit
456 3433 502 3489 vir
524 3431 660 3491 viriatum
677 3432 711 3489 s?
728 3431 836 3490 habere
857 3450 981 3491 uxorem
995 3432 1169 3491 Atata'ntcm.

73 3571 106 3623 ut
125 3563 187 3624 hoc
207 3564 249 3625 sit
269 3565 393 3625 tertium
413 3564 542 3643 legitimi
562 3566 644 3626 illius
665 3567 765 3627 hiatus
788 3588 855 3627 cum
877 3569 1066 3649 correptione
1084 3588 1189 3627 mono·

74 3668 187 3749 syllnbi
215 3670 387 3750 exemplum
414 3671 577 3731 Varronis:
607 3689 639 3731 re
666 3673 795 3732 voculae
825 3695 916 3755 quem
946 3677 1060 3743 inserui
1087 3675 1192 3735 nescio

75 3796 113 3835 cn
144 3760 302 3837 indicium·
327 3777 452 3859 aliquod
479 3780 511 3838 in
541 3799 579 3848 ee
604 3781 757 3860 scriptura
781 3779 942 3841 Leidensis
976 3791 1076 3860 extet,
1101 3802 1193 3864 quam

74 3902 167 3963 supra
187 3884 365 3957 memoravi.
407 3886 576 3945 Praeterea
596 3887 770 3966 transposui
793 3889 900 3946 habere
921 3907 1053 3949 uxorem.

156 3994 260 4070 Pergo
293 4010 332 4053 ex
363 3991 457 4070 longe
487 3991 692 4071 digressione,
733 4013 825 4072 quem
856 4015 906 4054 ree
937 3996 1005 4075 ipse
1037 3993 1192 4070 exigebat,

74 4096 115 4157 cd
139 4098 180 4159 fr.
206 4097 253 4159 V:

223 4220 284 4276 Aut
303 4220 352 4277 itte
372 4233 489 4277 cerrum
508 4222 559 4293 qui
577 4235 701 4277 currens
723 4223 842 4279 volabile

225 4325 324 4399 Spero
343 4331 461 4383 securus
483 4328 632 4400 truyrlcve
653 4330 759 4385 traicit.
