2760 4890
129 352 166 410 12
555 359 812 408 courecreues.

212 523 244 581 X
260 520 302 598 (8)
348 524 455 594 Nempe
476 538 543 577 sues
570 522 713 576 silvaticos
738 522 769 574 in
794 521 933 574 mentibus
955 520 1077 574 secteris
1104 519 1242 572 reauhule

297 635 472 694 autemeam,
496 630 546 698 qui
563 629 614 683 tihi
632 629 705 684 milei!
722 629 791 683 mati
808 627 953 698 fecerunt,
976 627 1099 680 verutis:
1120 625 1167 690 uh,
1191 642 1241 677 ar-

298 743 353 792 tem
371 735 576 806 praeclaram!

212 889 263 946 Fr.
283 886 348 958 IX,
373 883 412 943 de
434 885 519 942 euius
539 885 685 942 memoria
706 881 847 941 videatur
868 883 1025 941 Mereerus
1048 879 1088 939 ad
1108 881 1243 938 Nonium

127 1015 156 1071 p.
177 1001 238 1064 182,
258 1002 306 1063 30,
327 989 494 1048 illustratur
512 989 606 1062 ratio,
628 1010 689 1069 que
703 991 802 1048 Verre
816 988 972 1067 proseriae
989 987 1118 1045 urationi
1134 984 1242 1063 (erede

128 1096 207 1153 enim
226 1095 303 1152 haee
323 1096 443 1169 turpare
460 1099 553 1167 eoepit
567 1099 665 1153 dicens
681 1093 838 1174 pedestria
852 1094 953 1173 potius
968 1112 1059 1171 quam
1072 1090 1124 1151 vel
1140 1101 1241 1170 septe-

127 1201 205 1259 narii
232 1200 347 1257 exitum
375 1180 456 1276 esse)
485 1199 682 1259 immiscuerit
703 1219 835 1260 ,versusz
865 1218 902 1256 ae
931 1199 1035 1256 neseio
1061 1218 1151 1277 quam
1172 1219 1242 1276 pre-

127 1287 277 1365 habiliter
291 1303 478 1365 Ritsehelius
501 1308 533 1364 in
553 1306 616 1365 ind.
639 1306 711 1365 leet.
732 1306 830 1363 Bonn.
852 1301 915 1361 hib.
940 1311 1084 1366 test-55
1109 1324 1139 1382 p·
1161 1305 1242 1363 VIII

127 1412 182 1471 illa
204 1432 272 1471 cum
293 1413 462 1471 hexametri
483 1414 544 1472 fine
565 1414 597 1472 in
615 1414 705 1472 unius
726 1411 842 1471 heroiei
860 1411 988 1468 formam
1010 1408 1243 1487 conglutinarit:

280 1565 406 1640 Iurpere
427 1569 536 1639 occepit
554 1570 667 1624 dicens:
689 1581 764 1638 quae
785 1567 842 1620 iam
862 1564 940 1636 facis
961 1569 989 1619 et
1007 1581 1080 1635 quer

129 1702 205 1759 Mihi
229 1699 350 1759 videtur
367 1701 467 1778 petius
488 1699 668 1776 obiurgatio,
690 1698 829 1758 versibus
853 1703 1009 1775 concepta,
1032 1697 1117 1755 initio
1134 1717 1246 1756 manea

130 1827 213 1866 esse:
242 1826 333 1885 quem
354 1804 524 1879 defectum,
552 1824 612 1886 quo
635 1805 785 1864 sententia
809 1810 935 1874 constet,
958 1803 1057 1882 possis
1079 1805 1122 1862 ita
1142 1825 1243 1863 resar-

130 1914 209 1971 cire:
240 1930 333 1986 nepae
359 1919 440 1980 sunt,
468 1930 542 1985 quae
570 1914 656 1987 fecis.
701 1911 764 1970 Sed
785 1910 883 1970 Varro
906 1909 1033 1968 forsitan
1054 1916 1165 1989 poetae
1189 1912 1246 1971 ali-

131 2019 216 2076 euius
239 2016 326 2074 nubis
349 2015 499 2094 deperditi
520 2036 628 2075 versus
650 2017 800 2095 apposuit.
825 2016 911 2076 Solet
934 2018 1013 2075 enim
1029 2015 1155 2073 aliorum
1169 2025 1245 2096 pe‘ess-

129 2134 228 2182 tarum
250 2122 384 2182 flosculis
406 2142 490 2181 suam
513 2121 699 2200 distinguere
722 2125 899 2196 orationem,
921 2132 953 2181 ut
975 2130 1149 2180 Esnrmouuu
1173 2124 1211 2183 fr.
1230 2137 1245 2186 5

284 2302 393 2318 .....
413 2261 480 2317 eum
501 2275 632 2317 sermone
653 2259 785 2317 cenulam
808 2259 954 2316 variemus

282 2365 412 2423 ‘Interea
435 2368 525 2423 tonuit
544 2367 613 2421 bene
634 2371 800 2437 tempestate
822 2369 948 2423 serene.'

132 2503 170 2561 ad
192 2502 283 2560 Ennii
307 2519 427 2558 versum
450 2498 603 2558 annalium
626 2505 676 2561 517

286 2639 356 2694 Tem
380 2639 470 2693 tenuit
492 2639 603 2692 laevum
624 2637 692 2691 bene
715 2643 880 2707 tempestate
901 2653 1005 2693 serena

131 2772 255 2832 alludit:
281 2778 311 2829 et
332 2769 469 2828 eiusdem
488 2769 580 2829 Ennii
600 2768 738 2828 versibus
758 2790 831 2828 usus
853 2779 900 2828 est
919 2777 1081 2828 Tesmuemr
1102 2774 1139 2830 fr.
1158 2783 1175 2833 2

216 2881 244 2934 Ε
264 2895 327 2934 mee
351 2880 573 2950 Phitephthenie
600 2879 689 2944 natis,
723 2895 793 2950 quos
815 2878 970 2951 Menippea
997 2882 1125 2937 haeresis
1151 2887 1247 2939 nutri-

130 2993 197 3044 cete
220 2993 276 3053 est,
300 2992 408 3040 tutores
429 2986 464 3040 do

283 3091 353 3158 ‘Qui
366 3105 426 3145 rem
445 3089 606 3145 Romanum
625 3091 793 3163 Latiumque
812 3109 966 3165 eupeseere
987 3095 1093 3151 virttis?

132 3223 346 3285 asennaeum
368 3244 397 3283 v,
419 3233 485 3284 455:
514 3230 544 3280 et
565 3229 716 3279 Pueurmrr
744 3228 780 3284 fr.
803 3237 819 3290 9

283 3359 437 3418 Humcimre
456 3366 601 3432 quendem
622 3364 733 3436 pe'rrtem
754 3366 854 3436 stirpis
875 3365 1024 3437 ee'meeqm't

282 3469 401 3541 ‘Fripeis
419 3469 515 3524 cetere
537 3474 622 3541 etque
643 3471 741 3527 emere
760 3473 932 3528 eritridinem

283 3573 407 3632 Miscet!

133 3712 172 3770 ef.
196 3708 372 3790 Epicharmi
393 3706 430 3764 fr.
453 3705 487 3764 H

283 3844 402 3919 Frr'pori
424 3842 522 3900 misee't
541 3848 666 3903 celerem
688 3853 774 3921 etque
797 3851 890 3906 emori
911 3852 1091 3907 eritt'rdmem.

133 3984 173 4041 ef.
200 3979 386 4041 Ribbeekius
414 3998 486 4036 nov.
512 3997 589 4039 mus.
615 3982 713 4041 Rhen.
741 3985 773 4043 X
795 4005 824 4063 p.
846 3993 907 4046 286.
948 3984 1026 4043 Item
1041 3984 1086 4045 -de
1109 3988 1248 4048 Pacuvio

133 4097 253 4166 sumpte
275 4095 345 4146 sunt
365 4085 544 4147 haee-Meum
571 4089 608 4150 fr.
631 4101 647 4152 5

659 4261 698 4268 —-
722 4245 792 4300 aper
811 4231 1059 4302 derelinqueretur
1081 4250 1115 4289 ee
1134 4237 1250 4303 periret

284 4329 405 4405 ‘Squale'
426 4336 584 4406 seuereque
605 4335 710 4389 irridete
730 4340 758 4389 et
779 4336 971 4391 vestit-tidem)
1085 4329 1087 4333 ’
