2760 4890
208 341 267 402 122
347 320 351 326 “
597 347 600 353 ’
634 350 892 398 coumcmsst.

206 516 269 587 λος,
300 533 380 594 quae
408 519 438 570 et
461 511 622 570 terminum
658 509 836 589 simpliciter
864 516 894 568 et
921 529 960 568 ex
986 529 1044 568 usu
1071 508 1321 589 philosophorum

205 640 352 692 summum
371 618 483 678 bonum
504 618 653 694 designet.

288 729 399 788 Restat
418 725 456 785 de
473 726 667 806 Sesquiulixe
687 722 768 781 bona
790 744 861 803 pars
884 723 1090 802 reliquiarum,
1113 743 1244 802 quarum
1259 725 1321 782 nul·

203 834 263 893 lam
293 832 393 892 adhuc
418 833 601 891 mentionem
624 830 694 889 feci.
738 831 852 888 Earum
874 830 929 889 has
953 830 1028 889 duas
1052 831 1132 889 inter
1155 849 1191 890 se
1213 831 1319 890 cohae-

203 939 279 1009 sisse
298 937 456 1019 probabile
480 945 541 995 est:

286 1083 317 1135 21
341 1077 434 1132 Pueri
456 1077 522 1131 dum
545 1089 693 1146 comesque
715 1080 811 1130 terrent
831 1077 960 1149 catayelo
980 1076 1064 1147 putri
1083 1077 1221 1132 montium
1242 1077 1319 1132 lara.

286 1220 319 1272 22
340 1213 377 1270 In
403 1213 594 1284 Thespiadum
614 1227 664 1267 oro
686 1212 848 1281 derepente.

201 1347 361 1425 Adscripsi
382 1345 476 1405 Nonii
498 1344 687 1424 corruptelas
709 1342 751 1422 (p.
766 1352 828 1417 492,
850 1356 866 1406 5
888 1352 919 1403 et
940 1366 971 1424 p.
993 1355 1054 1419 518,
1074 1345 1133 1425 21),
1155 1327 1318 1406 maximam

201 1463 319 1533 partem
341 1474 359 1512 a
381 1453 537 1529 Scaligero
560 1449 704 1510 sublatas.
750 1450 811 1529 Qui
838 1451 920 1530 quod
938 1454 970 1510 in
993 1452 1151 1512 catalectis
1173 1475 1204 1532 p.
1228 1465 1263 1518 95
1282 1456 1317 1515 fr.

202 1570 233 1621 21
260 1560 305 1618 ita
332 1558 452 1619 scribit:
488 1561 636 1616 Pieridum
669 1575 775 1627 comes,
811 1577 884 1632 quae
913 1567 992 1617 terres
1017 1567 1122 1617 curata
1144 1565 1233 1632 putri
1255 1564 1318 1635 uela

202 1672 337 1726 montium
358 1684 444 1735 saxa,
466 1662 601 1742 approbo
621 1672 738 1726 saraim
758 1668 820 1737 pelo
841 1672 957 1737 autem,
981 1663 1062 1742 quod
1082 1664 1201 1724 Nonius
1226 1674 1316 1724 attes-

202 1782 292 1846 tatur,
312 1769 553 1848 obtineogidem
578 1767 659 1849 quod
677 1770 864 1847 transposuit
879 1774 965 1843 putri
985 1774 1065 1845 pedu,
1089 1790 1158 1830 cum
1184 1771 1224 1830 de
1249 1792 1316 1831 ver-

185 1880 286 1941 ·sibus
310 1888 392 1938 certe
413 1896 473 1935 non
495 1877 644 1952 cogitarit,
670 1895 772 1934 casum
786 1877 887 1955 potius
904 1897 994 1956 quam
1009 1878 1159 1935 rationem
1174 1898 1315 1956 agnosco.

201 1986 239 2044 In
263 1984 443 2055 enhaemo,
467 1990 570 2054 tenent,
594 1981 675 2062 quod
697 1983 810 2040 nemini
831 1984 890 2041 nisi
913 1981 1047 2042 Oehlero
1067 1982 1195 2061 placuit,
1218 1992 1316 2043 utrum

203 2111 270 2149 cum
292 2089 448 2166 Scaligero
470 2089 600 2146 interes
622 2109 660 2147 an
677 2109 744 2146 cum
762 2089 902 2169 Roepero
917 2098 1029 2148 mutem
1046 2087 1078 2146 in
1093 2096 1184 2146 tenet:
1206 2095 1315 2147 utrum-

202 2218 277 2277 que,
311 2198 376 2255 sive
394 2199 542 2254 Pieridum
565 2214 658 2255 comes
678 2198 880 2256 nominativus
901 2198 982 2269 sive,
1006 2194 1086 2275 quod
1108 2194 1315 2272 praetulerim,

202 2303 361 2362 vocativus
385 2309 431 2360 est
455 2300 506 2380 (cf.
527 2303 618 2362 Ennii
641 2325 710 2363 ann.
733 2314 798 2378 163,
827 2313 904 2380 trag.
928 2300 1009 2380 318),
1030 2301 1103 2359 licet
1121 2290 1217 2359 tueri:
1246 2320 1314 2379 pos·

201 2411 243 2469 sis
266 2403 372 2480 etiam,
404 2410 585 2488 imperfecta
604 2413 770 2484 sententia,
801 2409 950 2489 suspicari
978 2416 1085 2465 teneris.
1130 2410 1218 2464 laxa
1239 2427 1316 2466 mon·

202 2521 364 2596 itemquae
382 2514 532 2575 Oehlerus
549 2515 691 2593 explicat,
713 2516 800 2595 nihili
815 2523 898 2575 sunt:
922 2515 1111 2575 commodum
1125 2531 1212 2584 saxu,
1233 2513 1314 2593 quod

202 2622 359 2697 Scaligero
385 2620 520 2699 praeivit
537 2619 699 2679 Bentinus:
731 2623 790 2679 nisi
816 2625 1046 2700 praestetisse
1068 2640 1105 2679 ea
1126 2621 1246 2679 ratione
1261 2611 1314 2680 're-

201 2729 313 2802 tinerc,
338 2736 372 2785 ut
391 2726 484 2786 Nonii
508 2725 598 2804 culpa
617 2725 806 2784 desideretur
828 2746 938 2786 nomen
958 2726 1043 2786 velut
1064 2734 1160 2784 antra.
1206 2728 1259 2786 Fr.
1281 2735 1314 2788 22

201 2855 252 2893 oro
273 2854 340 2892 cum
363 2833 532 2911 complures
556 2832 820 2912 attemptaverint,
846 2832 1005 2911 praeclare
1027 2831 1156 2892 Rothius
1182 2833 1315 2893 restituit

200 2930 303 3012 ebora,
334 2938 587 3021 quemadmodum
615 2939 695 2997 idem
724 2937 853 2996 Rothius
881 2937 962 3016 apud
985 2938 1116 2997 Nonium
1138 2959 1168 3018 p.
1189 2948 1259 3014 451,
1283 2952 1312 3005 11

201 3067 290 3107 creari
319 3051 424 3129 osiriee
453 3047 584 3104 correxit
614 3048 645 3104 in
666 3048 793 3105 choream
814 3049 948 3104 astricem.
995 3045 1072 3104 Sunt
1094 3053 1196 3105 autem
1218 3039 1318 3105 mani?

200 3155 272 3213 festi
294 3153 411 3212 numeri
437 3154 468 3211 in
489 3161 618 3232 utroque
642 3154 822 3228 fragmento.
867 3153 916 3210 Ex
937 3151 991 3210 illo
1014 3152 1152 3221 Kochius
1172 3155 1205 3213 in
1227 3175 1312 3214 exer-

201 3257 392 3319 citationibus
414 3280 444 3338 p.
467 3269 503 3333 311
520 3258 894 3336 violentius'septenarios
915 3257 1047 3316 effinxit:
1118 3330 1122 3341 ‚

890 3395 1036 3452 Pieriddm
1058 3413 1152 3453 eomes

352 3501 434 3572 Quue'
455 3509 551 3560 tenent
571 3503 633 3576 yelo'
656 3508 759 3559 curata
777 3504 879 3574 pdtrie
902 3505 973 3559 luxu
997 3502 1142 3560 mintium.

198 3637 266 3697 Nec
286 3636 424 3696 absimile
447 3638 580 3716 Roeperi
604 3656 766 3696 conamen:

890 3756 1036 3813 Pieridum
1058 3775 1152 3816 comes

352 3862 434 3931 Quae'
454 3870 529 3920 tenet
551 3864 654 3920 cardia
671 3864 756 3935 putri
776 3859 853 3918 sdcru
876 3863 1010 3919 morticini
1032 3867 1102 3936 pelo.

184 3998 285 4069 ,Idem
305 3999 342 4057 fr.
359 3968 411 4069 22,
426 3996 507 4076 quod
522 4017 613 4075 posse
631 3998 673 4056 ait
688 3996 846 4075 glyconeis
863 3994 1004 4071 describi,
1028 3999 1145 4075 maluit,
1168 4023 1228 4082 quo
1246 4025 1311 4062 cum

199 4105 251 4163 illo
275 4112 466 4182 congrueret,
488 4104 563 4162 item
586 4105 767 4183 septenariis
790 4102 937 4162 dimetiri:

804 4234 834 4286 in
861 4229 1051 4301 Thespiuddm
1071 4230 1160 4287 choro

295 4366 302 4378 ·
343 4334 521 4405 derepente.
623 4353 631 4363 ¹
