2760 4890
134 329 193 392 102
564 338 820 387 consecrasse.

131 500 228 561 semel
252 497 339 558 metri
366 498 466 558 studio
497 519 515 557 a
542 498 687 558 memoria
707 497 800 556 Nonii
820 498 1000 572 recesseris,
1028 517 1088 556 non
1107 517 1170 556 una
1192 497 1249 557 sed

130 607 233 686 plures
255 607 325 665 viae
348 625 453 664 versus
477 604 656 664 restituendi
679 604 870 683 aperiuntur:
901 605 1022 665 interim
1043 602 1151 663 videor
1174 604 1249 662 mihi

129 713 215 772 nulla
236 711 401 770 mutatione
423 709 476 769 sed
502 731 585 770 mera
612 709 823 770 distributione
849 712 1027 773 tolerabiles
1057 716 1249 792 septenarios

129 819 276 879 ‘iambicos
298 816 451 876 nancisci:

282 980 288 994 .
313 979 320 992 .
343 979 351 991 .
374 938 490 994 nereidas
513 937 654 993 duodecim
677 938 785 993 domum
802 939 964 1012 profectum

280 1045 381 1100 Decem
402 1043 490 1099 danos
508 1044 607 1098 solidos
629 1041 743 1098 e'rrasse

129 1163 194 1247 sive
213 1162 311 1220 mavis
333 1166 486 1220 erravisse:
508 1162 539 1220 in
563 1168 672 1218 neutra
693 1161 843 1239 scriptura
864 1160 902 1221 de
925 1162 1014 1221 huius
1040 1183 1149 1222 versus
1179 1182 1248 1220 cae·

129 1288 199 1327 sura
220 1267 422 1327 haerendum:
452 1276 482 1328 et
508 1269 656 1348 superiori
685 1267 807 1328 videtur
837 1291 874 1328 ex
899 1270 1063 1348 composito
1089 1270 1250 1328 excusatio

128 1384 246 1454 parata.
1151 1456 1155 1463 Ι

213 1482 305 1540 Aliae
316 1479 473 1566 xxreliquiae
490 1482 588 1559 ipsam
604 1483 763 1564 Odysseae
780 1483 984 1541 narrationem
1002 1490 1248 1561 repraesentant,

130 1595 164 1646 ut
186 1586 220 1644 fr.
244 1596 291 1648 14:

280 1707 377 1768 ‚Omnis
394 1709 511 1764 inritans
533 1715 624 1766 reatos
645 1724 790 1784 omnesque
807 1712 962 1782 procellos:

131 1849 220 1908 quem
240 1827 450 1887 hexametrum
473 1839 615 1890 accurate
640 1852 679 1890 ex
703 1830 863 1913 Odysseae
885 1831 912 1889 V
933 1839 984 1893 292
1006 1823 1101 1901 πάσας
1125 1819 1153 1887 d'
1180 1818 1249 1908 ὀρό-

131 1937 226 1990 θυνεν
243 1921 347 2005 ἀέλλας
366 1935 524 1995 Παντοίων
544 1925 662 2014 ἀνέμων
681 1957 858 2017 expressum
872 1937 975 1995 licebit
990 1936 1028 1994 ad
1044 1936 1184 2010 eundern,
1210 1936 1249 1994 de

131 2061 191 2118 quo
215 2060 319 2099 versus
340 2041 465 2104 Homeri
483 2054 586 2122 agunt,
609 2044 785 2123 Neptunum
803 2045 926 2103 referre.
963 2044 998 2100 In
1019 2042 1076 2100 hac
1090 2050 1191 2099 autem
1204 2042 1249 2100 la-

130 2153 186 2210 tini
207 2172 313 2211 versus
334 2173 400 2211 cum
420 2171 532 2230 graeco
552 2149 765 2220 similitudine,
788 2169 867 2229 quae
884 2170 944 2207 uon
966 2149 1044 2226 fugit
1064 2149 1248 2226 Roeperunr,
1308 2224 1311 2229 Ι

130 2259 220 2316 miror
242 2259 371 2318 eundem
395 2279 449 2338 pro
468 2260 586 2333 integro
605 2256 781 2315 hexametro
803 2255 939 2313 mutilum
963 2256 1106 2328 maluisse
1129 2257 1254 2316 Aristo:

130 2365 283 2442 phenium.
328 2366 396 2423 Non
422 2364 578 2423 obscurius
600 2363 726 2421 Homeri
749 2363 949 2419 imitationem
970 2362 1072 2440 prodit
1093 2365 1128 2421 fr.
1155 2375 1202 2426 15:

282 2486 379 2559 Ipsum
400 2486 508 2542 dvidum
530 2487 590 2538 vino
612 2482 724 2540 invitavi
737 2482 829 2555 poclis
851 2484 928 2555 lerye
950 2488 1031 2553 alqrre
1051 2483 1176 2557 deniqne.

131 2603 219 2680 Quae
236 2602 273 2661 de
288 2602 478 2682 Polyphemo
496 2599 556 2658 dici
575 2600 626 2658 vel
648 2600 686 2657 ad
701 2599 883 2680 Polyphemi
901 2597 1034 2657 fabulam
1052 2600 1249 2663 Homericam

52 2713 55 2716 ’
130 2710 204 2786 fingi
226 2710 297 2767 olim
318 2707 545 2767 intellexerunt.
575 2705 822 2783 Aristophanium
845 2704 1019 2762 Meinekius
1043 2710 1177 2785 agnovit,
1197 2715 1250 2791 qui

126 2819 215 2889 poclis
235 2836 290 2895 pro
307 2817 417 2889 poculis
438 2810 564 2869 rescribi
583 2813 688 2870 suasit.
734 2810 796 2870 Sed
818 2812 850 2868 in
871 2813 980 2870 ceteris
994 2831 1117 2892 quoque
1136 2816 1250 2877 leviter

42 2912 45 2917 ’
130 2929 299 2999 peccarunt
317 2919 447 2979 librarii:
473 2919 516 2975 sia
539 2918 617 2975 euim
633 2917 701 2975 libri
718 2918 857 2997 plerique
879 2937 908 2993 p.
931 2927 997 2990 321,
1021 2927 1068 2979 ⁸29:
1090 2924 1158 2977 occdi
1172 2926 1251 2986 vero,-

132 3027 250 3085 Genev.
274 3005 348 3098 (non
372 3023 544 3096 Wolfenb.)
569 3032 599 3081 et
617 3026 709 3083 Bern.
733 3027 826 3083 audiui
845 3042 911 3092 non,
935 3022 1016 3100 quod
1034 3025 1141 3084 eodem
1159 3026 1250 3086 redit.

131 3134 254 3211 Lipsius
277 3133 307 3189 in
331 3134 416 3208 epist.
438 3131 668 3211 quaestionibus
690 3131 736 3191 lV
756 3140 791 3193 23
812 3133 891 3186 avide
913 3135 987 3202 vino,
1011 3130 1167 3190 Mercerus
1191 3139 1250 3190 uvi-

130 3243 196 3296 dum
218 3241 363 3298 coniecit:
387 3249 527 3297 neutrum
549 3238 668 3315 inepte,
690 3237 745 3296 sed
766 3237 825 3296 hoc
846 3244 1001 3314 praestare
1025 3235 1160 3296 arbitror.
1199 3241 1250 3296 In-

129 3351 212 3403 vitari
232 3345 312 3425 quod
337 3354 383 3405 est
408 3344 546 3403 inlibris
570 3343 696 3401 forsitan
723 3344 834 3403 iniuria
860 3342 1037 3421 spernatur,
1064 3363 1248 3425 quamquam

130 3453 221 3511 valde
240 3452 343 3530 placet
363 3450 604 3528 Lipsiipr'nvr'tooi.

215 3558 329 3618 Similis
350 3556 403 3616 sed
425 3577 485 3614 non
508 3576 630 3634 compar
653 3556 729 3614 ratio
752 3563 798 3614 est
820 3539 856 3613 ir.
877 3564 925 3616 24:

281 3681 399 3734 Arloersi
419 3680 491 3734 venti
512 3679 682 3732 ceciderunt:
708 3677 797 3732 albam
818 3682 859 3747 esl
878 3692 963 3731 mare.
1003 3675 1077 3747 quod
1090 3678 1117 3730 si
1125 3663 1250 3748 perpera!

280 3787 379 3840 diutius
400 3800 478 3839 mere
500 3785 614 3853 volvere,
636 3798 734 3838 vereor
756 3800 791 3838 nc
812 3801 855 3840 me
874 3801 989 3858 qaoque,
1010 3791 1072 3838 cam
1086 3783 1196 3839 domum
1213 3787 1248 3838 ab

280 3889 331 3946 Ilio
353 3892 450 3946 cossim
472 3895 624 3956 revertero,
641 3897 759 3960 praeter
781 3906 877 3945 canem
900 3898 1046 3963 coynoscct
1066 3907 1154 3946 acero.

82 4050 93 4065 2
129 4007 217 4084 Quae
237 4028 296 4065 non
319 4016 472 4085 tamquam
497 4003 622 4083 peracta
650 4026 668 4062 a
690 4014 863 4079 narratore,
897 4006 951 4066 sed
979 4007 1009 4064 in
1032 4006 1133 4066 medio
1157 4028 1248 4067 eursu

127 4114 276 4171 maritimo
306 4112 367 4169 dici
395 4109 545 4170 videntur.
605 4112 672 4170 Nec
697 4114 761 4189 agit
786 4113 827 4185 is,
859 4115 911 4192 qui
940 4113 1016 4172 haec
1047 4114 1140 4171 verba
1168 4114 1247 4185 edit,

130 4219 269 4292 Ulixem,
289 4216 343 4276 sed
365 4237 434 4275 suos
456 4237 571 4274 errores
592 4239 658 4275 cnm
678 4218 781 4277 Ulixis
801 4217 1024 4276 calamitatibus
1047 4218 1173 4276 co'nlert.
1200 4220 1247 4277 De

130 4344 206 4384 cane
230 4324 330 4384 Ulixis
352 4324 453 4382 omnia
471 4330 543 4382 nota
559 4333 637 4382 sunt.
662 4322 765 4382 Verba
780 4323 890 4401 scripsi
911 4344 1016 4403 snpra,
1034 4332 1068 4382 ut
1091 4324 1245 4384 Oehlerus
