2760 4890
557 376 813 427 conlocutum.
1201 367 1241 429 35

130 536 324 597 condiciones
355 545 386 597 et
415 557 503 627 usum
529 539 761 619 multiplicem*
783 538 931 598 Diversos
960 558 1028 598 esse
1054 532 1176 614 modos,
1210 546 1244 596 ut

129 662 276 723 equorum
298 628 430 704 coleres:

213 797 297 857 XIX
313 795 376 877 (13)
400 799 481 873 Equi
499 803 594 858 coiere
616 799 751 872 dispares
771 799 837 856 ite'm
861 797 925 857 niti
935 824 944 856 :

399 907 457 963 Hie
477 905 592 976 bridius,
612 910 673 967 iste.
685 905 788 981 pileus,
810 910 856 965 iiie
874 907 1015 964 sudrinas.

129 1056 178 1115 Do
206 1075 353 1136 equorum
380 1057 532 1117 coloribus
558 1058 631 1118 vide
651 1058 825 1119 Palladium
849 1058 896 1120 IV
918 1069 959 1133 13,
982 1068 1000 1120 4
1021 1080 1050 1138 p.
1073 1067 1125 1122 948
1148 1058 1241 1120 Gesn.

128 1163 200 1220 Item
226 1163 353 1238 vocula,
389 1184 480 1245 quam
506 1185 668 1245 perperam
690 1167 797 1227 Iunius
825 1169 953 1227 mutavit
982 1186 1049 1226 cum
1077 1168 1118 1222 ite
1149 1163 1240 1242 (Non.

130 1290 160 1349 p.
177 1280 226 1344 80,
250 1269 298 1349 l),
321 1265 422 1350 prodit
445 1290 512 1330 cam
534 1270 765 1351 disparilitatem
787 1275 920 1334 colorum
942 1294 1010 1334 esse
1031 1275 1063 1332 in
1087 1292 1242 1352 compara-

128 1379 241 1437 tionem
266 1376 399 1457 aliquam
422 1377 600 1443 adhibitam.
646 1377 749 1458 Quare
774 1401 841 1441 cum
863 1382 1019 1442 modorum
1042 1401 1079 1439 ac
1100 1400 1239 1439 numero-

130 1504 195 1542 rum
222 1485 356 1544 varietas
383 1485 475 1544 etiam
495 1484 616 1558 altero,
652 1486 735 1566 quod
765 1489 867 1547 statim
896 1490 1036 1562 afferam,
1072 1489 1242 1565 fragmento

131 1588 354 1664 subindieetur,
383 1591 463 1651 hanc
491 1592 672 1652 varietatem
700 1595 806 1673 opinor
829 1595 999 1655 Varronem
1023 1597 1190 1676 conspicua
1213 1596 1245 1653 in

132 1699 217 1777 equis
241 1698 374 1758 colorum
395 1697 573 1759 diversitate
594 1698 775 1761 illustrasse.

215 1826 283 1886 Nec
304 1835 407 1888 tamen
426 1829 500 1888 satis
524 1837 587 1903 est,
616 1831 752 1907 cognitos
771 1828 916 1888 habuisse
938 1830 1038 1889 varios
1061 1827 1167 1888 modos
1190 1848 1244 1887 nu·

123 1950 306 2011 -merosque,
328 1936 388 2020 nisi
410 1936 501 1995 etiam
523 1956 610 1995 usum
631 1956 734 1995 eorum
755 1935 928 1996 edidiceris.

214 2084 280 2146 XX
296 2084 341 2165 (3)
385 2090 546 2148 Messeniis
563 2100 596 2162 ut
616 2080 730 2164 quietus
753 2108 788 2147 ac
809 2089 960 2148 demissior
977 2088 1159 2163 probdrsdus,

383 2180 537 2271 Ἀχιλλέως
559 2184 705 2274 ἡρωϊκός,
723 2183 856 2266 Ἰωνικὸς
878 2191 1024 2253 κιναίδου.

131 2340 183 2403 sic
204 2344 333 2405 totidem
355 2334 542 2407 litteris'hos
565 2348 808 2426 elegantissimos
833 2367 941 2408 versus
966 2346 1097 2406 Nonius.
1111 2344 1247 2404 servavit

129 2468 161 2529 p.
180 2462 213 2525 5,
235 2460 285 2515 32:
309 2453 418 2533 quibus
439 2473 508 2513 cum
528 2455 580 2513 alii
600 2454 671 2513 olim
691 2457 878 2534 importunas
899 2476 1006 2514 manus
1029 2453 1246 2524 admovissent,
1321 2451 1326 2460 ’

129 2566 194 2617 tum
220 2558 386 2620 novissime
414 2559 565 2622 Oehlerus
593 2562 652 2621 hac
686 2565 796 2644 ‘quam
817 2562 907 2620 unice
928 2581 1034 2620 veram
1056 2568 1143 2640 putat
1165 2561 1245 2619 esse'

131 2664 308 2725 coniectura
337 2653 490 2744 Ἀχιλλέως
515 2657 647 2747 ἡρωϊκοῦ
665 2655 795 2739 Ἰωνικὸς
821 2672 972 2739 cinaedus,
1012 2686 1091 2748 quae
1117 2687 1193 2726 sana
1218 2672 1249 2724 et

117 2770 250 2859 'integra
276 2780 362 2849 sunt,
394 2782 510 2834 temere
536 2777 678 2856 corrupit.
723 2776 785 2855 Qui
812 2775 935 2856 quidem
958 2772 1184 2850 intellegendo,
1216 2778 1249 2829 ut

133 2878 174 2937 ait
200 2876 271 2951 ille,
311 2879 386 2939 fecit
424 2880 500 2939 nihil
527 2888 561 2939 ut
595 2882 808 2960 intellegeret:
844 2906 914 2944 nam
947 2882 1116 2964 ‘loquitur'
1151 2878 1249 2959 inquit

134 2985 274 3069 ‘scriptor
296 2985 335 3045 de
349 2965 540 3065 'pantomimo
566 2989 637 3050 inde
661 2989 783 3071 quidem
808 2990 981 3063 laudand0,
1012 2986 1093 3068 quod
1116 2984 1247 3045 Achillis

135 3089 306 3152 Briseidem
333 3092 391 3153 sibi
417 3103 553 3174 ereptam
576 3094 628 3154 vel
654 3096 790 3156 Patrocli
818 3104 945 3157 mortem
972 3093 1135 3196 maereptis
1166 3089 1248 3150 dolo·

136 3218 195 3259 rem
218 3200 351 3280 quietius
375 3218 411 3259 ae
435 3199 612 3275 demissiuS,
641 3223 732 3282 quam
755 3204 847 3282 vulgo
872 3204 965 3277 solet,
997 3207 1248 3281 repraesentave-
1344 3230 1346 3235 ·

136 3306 201 3368 rat?
240 3305 332 3368 Unde
349 3308 428 3368 haec
448 3316 585 3368 contorta
603 3316 755 3367 structura
774 3310 926 3389 prodiret,
948 3317 979 3367 ut
1000 3312 1135 3366 narrentis
1157 3293 1250 3381 Ἀχιλ-

136 3410 202 3487 λέως
228 3404 363 3492 ἡρωϊκοῦ
384 3419 497 3491 quietus
525 3435 560 3474 ae
582 3419 732 3474 demissior
756 3405 888 3486 Ἰωνικὸς
910 3419 1049 3474 cinaedus
1068 3412 1248 3501 prodendus.

137 3520 282 3584 Placeant
297 3522 375 3581 haec
392 3520 454 3580 illi:
477 3542 533 3580 nos
556 3523 587 3580 in
602 3525 748 3582 memoria
768 3522 913 3582 librorum
931 3520 1148 3605 subsistemus,
1169 3537 1249 3598 quae

138 3627 322 3689 commodam
344 3628 526 3687 sententiam
543 3635 580 3686 ac
601 3648 713 3688 nexum
735 3627 882 3710 praebeat
900 3627 958 3686 hoe
975 3628 1040 3687 fere
1058 3625 1165 3685 modo:
1189 3645 1250 3684 non

137 3734 233 3815 quivis
259 3733 368 3794 modus
390 3733 442 3794 vel
468 3755 611 3795 numerus
635 3738 731 3799 cuivis
758 3736 873 3796 homini
896 3756 932 3794 ac
958 3734 1129 3793 condicioni
1153 3734 1249 3792 cuivis

137 3839 399 3902 accommodatus:
434 3841 519 3902 velut
546 3838 710 3903 maerentis
740 3841 860 3921 quietus
891 3862 927 3901 ae
955 3841 1115 3900 demissior
1144 3838 1250 3897 modus

134 3934 323 4027 probandus,
342 3947 474 4009 Achillis
499 3949 640 4010 heroicus
663 3967 822 4021 numeruS,
842 3947 962 4025 cinaedi
978 3949 1108 4006 ionicus.
1145 3942 1251 4002 Achil-

135 4053 208 4130 lem,
230 4053 313 4135 qnod
329 4073 421 4134 supra
435 4055 537 4132 tetigi,
558 4063 713 4134 tamquam
726 4055 924 4133 praecipuam
942 4046 1088 4133 principis
1109 4049 1250 4110 carminis

135 4178 296 4239 personam
316 4180 372 4241 pro
386 4149 506 4242 ¹quovis
530 4163 624 4222 heroe
651 4159 703 4220 vel
731 4160 873 4221 universo
895 4160 975 4240 epici
1000 4157 1139 4218 carminis
1163 4174 1249 4230 argu-

135 4274 234 4326 mento
256 4258 404 4328 adhibuit.
449 4267 604 4328 Cinaedus
632 4269 699 4348 quis
728 4270 784 4342 sit,
813 4287 875 4326 non
903 4274 958 4330 est
978 4263 1060 4345 quod
1089 4261 1249 4320 edoceam:

76 4358 80 4369 ¹
126 4372 262 4465 'cinaedo
285 4381 401 4449 autem,
425 4377 510 4435 cuius
532 4394 581 4434 ars
603 4374 641 4434 ab
662 4374 770 4434 Ionica
788 4372 914 4432 mollitie
933 4390 1043 4428 nomen
1066 4370 1172 4441 traxit,
1196 4387 1248 4446 ap·

1003 4470 1047 4530 3*
