2760 4890
541 358 797 407 conraorsnm.
1166 343 1225 405 167

109 508 231 598 pressit,
254 516 310 579 sod
324 517 502 597 simpliciter
521 521 617 590 instat,
633 525 668 577 nt
683 516 755 576 olim
768 515 939 574 Palmarius
954 523 1144 592 reposuerat.
1170 516 1225 575 Et-

61 608 64 615 ·
109 625 192 686 enim
216 626 243 684 is
265 622 419 684 scribendi
437 644 518 700 usus,
549 644 609 705 quo
630 643 645 683 s
666 599 783 702 impuro
808 621 925 680 vocalis
947 611 1163 700 praemittitur,
1187 644 1226 683 ne

110 751 131 789 a
151 729 261 790 mediis
281 729 405 811 quidem
425 731 585 790 vocabulis
608 729 727 789 alienus
748 728 820 787 fuit:
842 728 887 787 sio
909 732 1027 786 reistonr
1045 749 1100 807 pro
1116 738 1227 789 restant

110 836 192 917 apud
222 837 355 897 Nonium
379 858 409 917 p.
432 844 498 911 272,
527 846 561 900 13
590 844 621 895 ot
647 836 679 894 in
703 833 806 894 indice
828 832 1026 914 Caecilianae
1050 833 1225 894 comoediae

110 943 292 1022 compluries
317 947 479 1003 obotoistntc
505 963 561 1022 pro
588 947 748 1001 obolostate.
794 939 934 999 Alteram
966 940 1136 1000 sentcntiae
1157 960 1226 1021 par·

107 1058 171 1109 tem
198 1048 350 1109 Oehlorrrs
378 1049 488 1128 partim
510 1049 623 1107 Mureti
644 1048 753 1127 partim
776 1065 861 1105 suam
881 1030 1006 1106 secutus¹
1023 1047 1227 1106 coniecturam

55 1145 63 1224 s
109 1158 154 1216 ita
177 1154 347 1234 expressit:
378 1159 420 1213 sio
442 1158 508 1213 ittae
536 1160 625 1214 animi
645 1159 738 1213 nostri
761 1162 829 1212 snnt
848 1133 974 1228 proiice]
1005 1136 1096 1213 ornro
1121 1175 1156 1213 οο
1175 1174 1225 1230 po-

110 1269 161 1323 des
190 1267 294 1333 nostri,
328 1280 367 1320 ox
389 1279 420 1319 se
442 1247 594 1336 intonsos,
622 1265 674 1319 sed
698 1263 733 1318 ob
755 1265 848 1319 anirno
869 1269 1025 1318 monentur.
1057 1260 1093 1318 In
1116 1261 1226 1341 quibus

109 1390 203 1429 unum
225 1375 286 1442 cst,
313 1369 394 1448 quod
417 1387 465 1425 me
487 1368 567 1426 male
586 1364 695 1425 habet:
727 1386 794 1424 cum
817 1367 897 1425 enim
919 1365 962 1424 sic
981 1367 1118 1425 construi
1139 1388 1226 1447 opor·

108 1485 189 1553 teat,
213 1479 303 1535 animi
322 1478 414 1534 nostri
432 1478 559 1549 prottae,
586 1490 610 1529 o.
633 1490 669 1529 oc
682 1491 715 1546 p.
738 1491 777 1542 n.,
800 1489 890 1530 exse
912 1459 1149 1547 dilaniassent,
1176 1480 1229 1533 sod

109 1588 145 1644 ab
167 1586 388 1652 annonantur,
411 1581 489 1639 haec
510 1581 649 1639 iunctura
667 1600 730 1638 non
752 1578 944 1638 mediocriter
964 1580 1052 1639 verbi
1075 1589 1143 1638 sont
1165 1580 1226 1640 col·

107 1692 264 1752 locatione
286 1687 477 1760 obscuratur,
491 1682 591 1772 ‚quod
609 1692 680 1764 post
694 1673 835 1760 ἀκίνητοι
856 1686 908 1744 vel
929 1695 998 1764 post
1015 1704 1054 1744 on
1074 1693 1104 1744 s'o
1125 1687 1227 1766 potius

110 1786 337 1878 expectaveris.
380 1791 589 1866 Probabilius,
626 1800 660 1852 ut
683 1799 771 1872 puto,
802 1786 981 1852 Krahnerus
1011 1792 1049 1852 de
1077 1795 1226 1854 Varronis

108 1902 305 1986 philosophia
332 1922 362 1981 Ρ.
386 1911 418 1962 15
445 1900 489 1959 ita
513 1907 544 1958 et
564 1899 669 1959 scribit
692 1907 722 1958 et
742 1898 895 1976 explicat:
926 1900 1031 1958 sic'iiti
1052 1898 1096 1977 (h.
1121 1920 1148 1959 e.
1173 1901 1226 1960 ho·

109 2013 208 2071 mines
232 2009 284 2089 qui
308 2009 340 2066 in
361 2007 467 2086 grallis
490 2005 584 2085 stant)
615 2011 704 2064 animi
724 2008 817 2064 nostri
836 2013 918 2062 snnt:
945 2008 1056 2079 proiice
1078 2025 1169 2063 ornrn
1191 2026 1226 2066 ao

105 2123 197 2195 podes
221 2118 327 2186 nostri,
349 2131 388 2172 ea
408 2131 439 2172 se
459 2104 611 2188 ἀκίνητοι,
634 2116 686 2171 scot
704 2115 738 2169 ob
762 2113 856 2168 oninto
878 2118 1051 2177 morentur..
1082 2110 1227 2171 Ceterum
1272 2169 1277 2174 ,

108 2231 144 2283 ut
171 2222 222 2303 hic
251 2221 348 2281 Varro
378 2239 466 2278 crura
486 2239 522 2277 ac
541 2219 637 2298 pedes
660 2228 813 2298 tamquam
834 2216 947 2296 grallas
965 2218 1058 2276 animi
1079 2217 1226 2298 depingit,

107 2332 153 2390 ita
176 2327 284 2388 eadem
306 2325 381 2385 alibi
398 2335 432 2386 ut
447 2345 546 2410 ramos
565 2327 680 2386 arboris
697 2325 867 2402 descripsit,
888 2323 969 2402 apud
986 2323 1121 2384 Gellium
1138 2326 1226 2402 XVI,

109 2445 143 2500 16
179 2437 254 2492 Esse
277 2441 371 2492 autern
397 2451 504 2507 pneros
531 2438 560 2491 in
585 2441 666 2492 ntoro
696 2435 790 2491 Varro
812 2436 880 2491 dicit
901 2435 995 2507 capito
1016 2435 1113 2506 infimo
1131 2437 1225 2505 nisos,

107 2559 225 2600 sursum
244 2543 367 2614 pedibus
386 2543 482 2597 elatis:
504 2560 560 2599 non
582 2551 613 2599 nt
630 2544 751 2599 nominis
771 2549 878 2598 notura
896 2547 952 2611 ost,
978 2544 1029 2599 sod
1050 2548 1082 2598 nt
1103 2544 1225 2600 arboris.

109 2668 177 2707 nom
195 2650 285 2722 podes
301 2663 448 2720 cruraque
471 2650 584 2705 arboris
606 2651 734 2720 appellnt
757 2666 869 2721 ramos,
893 2656 982 2721 capnt
1002 2652 1120 2721 stirpem
1141 2657 1227 2722 atquo

107 2758 265 2813 caudicem.
310 2752 444 2812 Tantum
470 2752 508 2811 de
537 2753 596 2812 hoc
617 2753 803 2830 fragmento:
832 2760 901 2812 sunt
922 2761 1023 2812 autem
1052 2754 1144 2812 ctiam
1167 2752 1225 2813 duo

108 2880 191 2940 qnae
223 2866 391 2940 sequuntur
419 2858 555 2918 ciusdem
581 2867 702 2919 saturae
728 2858 820 2918 valde
848 2843 1021 2938 inquinata:
1056 2858 1095 2918 de
1117 2858 1227 2939 quibus
1254 2933 1256 2936 Ι

108 2986 194 3026 mess
215 2965 406 3046 opinationes
429 2965 507 3025 alias
528 2985 712 3045 expromam,
733 2986 799 3024 cum
818 2964 980 3025 videbitur.
