2760 4890
131 324 190 385 196
556 332 814 383 contremunt.

129 497 212 554 cuius
236 494 414 553 condicione
436 492 560 552 definire
581 492 691 550 librum
713 493 804 567 velle,
825 497 856 552 in
874 516 933 575 quo
957 495 1050 555 facile
1072 497 1174 555 locum
1192 495 1248 554 ha-

127 602 200 661 bere
237 602 386 681 potuerit:
425 599 463 659 de
500 600 584 658 cuius
616 600 661 656 rei
697 597 885 658 cautionibus
922 603 1062 682 exempla
1095 602 1250 682 quaedam

126 711 257 769 maxime
289 708 429 786 apposita
457 705 643 764 Ritschelius
673 705 774 782 tetigit
799 707 830 765 in
849 728 928 767 novo
951 729 1055 767 museo
1078 709 1178 767 Rhen.
1202 707 1250 766 VI

126 837 155 895 p·
185 826 244 878 alt.
296 813 348 872 Sic
371 833 437 870 cum
466 813 684 871 sententiarum
707 810 916 888 cognationem
939 824 1104 889 sectamur,
1133 815 1260 874 dictum.

126 920 202 980 illud
238 941 298 979 non
325 918 515 978 incommode
543 918 653 977 referri
681 919 778 997 potuit
807 919 846 976 ad
873 919 954 978 hanc
982 932 1116 981 saturam
1147 927 1248 976 Douma

58 1059 59 1062 ¹
128 1039 183 1086 Aur
201 1035 296 1096 Scan,
328 1047 345 1085 e
374 1047 434 1106 qua
463 1025 624 1103 magnifica
652 1029 759 1083 mundi·
777 1025 939 1104 descriptio
968 1028 1140 1086 etiamnunc
1163 1034 1249 1084 extat

129 1136 211 1214 apud
239 1132 372 1194 Probum
394 1133 426 1190 in
448 1131 578 1208 Vergilii
602 1128 740 1189 bucolica
763 1140 795 1202 (i,
821 1141 852 1194 31
877 1153 905 1210 p.
930 1142 962 1194 18
982 1133 1065 1192 Keil.
1110 1133 1155 1190 Ut
1176 1151 1248 1188 con-

128 1239 283 1319 glutinatis
309 1225 406 1298 titulis
432 1236 589 1317 proditura
622 1236 660 1293 sit
688 1236 844 1314 inscriptio
874 1244 974 1296 Donnu
1002 1250 1054 1296 Aur
1081 1247 1158 1296 Sara
1177 1245 1249 1293 Hirr

129 1357 283 1405 Eumene:
313 1345 368 1404 illa
392 1347 472 1403 enim
498 1349 602 1402 dolium
625 1351 675 1400 eut
697 1346 774 1399 seria
802 1343 832 1400 in
854 1343 1056 1422 proverbialis
1079 1345 1140 1403 vim
1162 1343 1247 1403 locu-

128 1455 218 1513 tionis
249 1453 347 1531 accipi
373 1471 463 1530 posse
485 1449 675 1510 Mercklinus
698 1459 799 1528 monet
821 1470 851 1527 p.
874 1458 940 1522 397:
973 1451 1012 1509 cf.
1037 1449 1075 1508 de
1100 1471 1136 1508 eo
1159 1449 1248 1509 titulo

130 1558 308 1619 Kralmerus
338 1556 376 1615 de
396 1556 542 1615 Varronis
564 1555 759 1635 philosophia
782 1544 813 1633 pi
832 1565 862 1618 19
882 1576 928 1634 sq.
968 1556 1031 1615 sed
1053 1557 1083 1615 in
1105 1564 1248 1635 promptu

109 1673 177 1723 ‘est
209 1663 306 1721 altera
334 1662 372 1721 de
404 1673 522 1734 satura,
559 1662 607 1720 cui
633 1662 687 1720 illa
715 1661 868 1720 sententia
891 1660 1076 1734 vindicetur,
1108 1661 1247 1740 suspitio,

131 1770 215 1828 cuius
239 1771 373 1847 speciem
396 1769 518 1848 quidem
540 1766 762 1847 probabilitatis
785 1770 876 1848 etiam
897 1769 1042 1827 maiorem
1065 1787 1133 1826 csse
1156 1766 1246 1825 insto.

129 1875 307 1953 Apponam,
346 1885 379 1934 ut
408 1883 556 1955 appareat
585 1874 659 1953 quid
681 1875 726 1933 rei
751 1876 790 1934 sit
811 1877 931 1951 integra
953 1873 1130 1951 Philargyri
1151 1871 1249 1930 verba

130 1983 150 2040 l.
174 2002 200 2040 c.
237 1985 312 2040 Non
339 1987 433 2040 alios
463 1985 601 2054 primu.-
637 1983 669 2040 Si
696 1985 815 2052 crescit,
846 1986 955 2055 deficit:
989 1987 1026 2067 iu*
1047 1999 1102 2054 quo
1135 1983 1256 2036 uidetur-

130 2099 248 2149 secutus
268 2093 444 2163 Epicurum,
473 2095 524 2162 qni
550 2095 606 2148 ait:
636 2093 730 2149 emnia
765 2109 838 2163 quae
864 2097 928 2147 orto
957 2091 1089 2146 occidunt
1110 2095 1138 2143 et
1160 2095 1249 2144 aucta

130 2205 289 2254 senescunt.
343 2199 460 2254 Varro
491 2206 608 2254 antem
638 2201 673 2255 in
701 2206 846 2266 sutura,
879 2214 968 2270 quae
998 2191 1249 2272 [in]scribitur

131 2307 170 2359 rte
200 2305 334 2358 salute:
369 2303 428 2359 Sic
454 2308 616 2361 muudum
646 2305 889 2360 taurinatum
912 2319 989 2359 esse
1012 2319 1125 2375 neqiie
1148 2305 1247 2359 mori.

130 2413 214 2484 Pluto
242 2418 335 2466 (cirtem
359 2428 413 2465 uon
438 2418 535 2466 nutum
558 2419 608 2466 aut
633 2409 685 2481 (at)
707 2413 788 2466 mori.
830 2410 1014 2476 Metrodorus
1036 2417 1130 2466 nutem
1155 2425 1249 2480 neque

131 2525 229 2573 nutum
254 2533 346 2588 neque
373 2519 454 2571 mori.
499 2517 594 2572 Zenon
622 2533 661 2572 err
684 2518 863 2573 boemundo
887 2519 1016 2589 quamvis
1038 2519 1134 2588 eliqua
1158 2519 1248 2571 inter-

131 2633 213 2692 eunt,
238 2633 331 2680 tumen
352 2626 447 2694 ipsum
462 2631 605 2693 perpetuo
628 2640 753 2691 monere,
776 2627 844 2696 quia
863 2624 1035 2680 inhaereant
1054 2624 1081 2676 ei
1098 2623 1248 2688 elementa,

131 2749 145 2788 e
168 2733 270 2803 quibus
291 2734 471 2801 penerontur
491 2731 644 2797 arietariae,
669 2731 949 2785 arcitenentum
975 2732 1102 2802 quidem,
1139 2730 1191 2784 sed
1211 2731 1250 2783 orl
1302 2752 1305 2761 =

130 2840 276 2894 interitum
302 2851 357 2890 riou
381 2837 543 2904 pervenire,
568 2839 746 2892 renuentibus
768 2837 926 2902 elementis,
960 2853 977 2889 u
1001 2817 1103 2906 quibus
1123 2838 1249 2892 revales-

130 2951 207 3001 cant.
236 2939 329 2998 ‘Inde
358 2936 508 2996 oehlerus
541 2938 634 2996 haec:
663 2944 704 2998 sic
731 2945 866 3007 mundum
889 2943 969 2998 linui
991 2948 1089 2997 nutum
1109 2957 1171 2997 esse
1199 2957 1248 2997 uc·

130 3067 185 3124 que
206 3052 279 3106 mori
299 3054 453 3123 tamquam
471 3046 626 3123 proprium
649 3047 852 3122 fragmentum
872 3045 1017 3105 Varronis
1034 3043 1171 3124 reliquiis
1194 3043 1246 3102 ad-

131 3154 262 3233 scripsit,
284 3151 373 3211 simul
397 3158 509 3224 cetera,
532 3171 611 3230 quae
632 3150 729 3211 ibide
746 3152 887 3225 Platone,
909 3150 1094 3223 Metrodoro,
1123 3151 1247 3243 Zenone

130 3269 301 3333 narrantur,
324 3279 340 3317 e
361 3255 506 3316 Varronis
530 3266 634 3315 satura
651 3266 791 3337 prompta
815 3279 883 3318 esse
906 3258 1088 3337 suspicatus.
1120 3255 1246 3314 Contra-

131 3368 207 3428 dixit
227 3368 259 3426 in
282 3387 335 3437 ea,
358 3382 448 3440 quam
472 3363 604 3440 saepius·
618 3362 690 3436 dixi,
714 3384 844 3422 censura
863 3364 1030 3436 Prellcrus,
1054 3363 1107 3442 qui
1129 3384 1185 3440 pro
1207 3368 1249 3420 sic

130 3473 262 3552 reposito
292 3475 332 3529 uit
354 3469 456 3528 verbis
478 3470 539 3528 illis
562 3490 623 3527 non
647 3477 708 3526 tam
731 3471 888 3548 peculiare
911 3473 1114 3548 fragmentum
1135 3469 1247 3529 Varro·

130 3581 176 3637 nis
220 3597 310 3658 quam
344 3595 490 3635 summam
524 3577 616 3635 totius
651 3584 773 3634 saturae
807 3579 871 3636 eius
901 3575 1047 3635 contineri
1074 3573 1247 3647 arbitratur,

130 3706 187 3744 nec
205 3684 282 3742 illud
302 3684 431 3760 largitur
454 3692 624 3741 ceterorum
645 3681 809 3761 quicquam
829 3702 897 3740 esse
921 3702 936 3739 e
953 3683 1090 3741 Varrone
1108 3663 1247 3760 petitum.

130 3793 179 3850 De
213 3796 253 3848 uit
285 3790 357 3848 mihi
385 3809 446 3847 non
473 3790 638 3868 persuasit:
656 3788 793 3869 ¹videtur
818 3789 897 3845 enim
923 3793 965 3846 sic
984 3788 1133 3848 vindicari
1155 3810 1249 3869 posse

130 3897 173 3954 ita
202 3895 302 3953 verbis
326 3894 508 3953 distributis:
546 3899 640 3954 Varro
664 3906 758 3953 autem
784 3899 814 3952 in
838 3903 954 3965 suturu,
984 3914 1058 3969 quae
1079 3901 1250 3956 inscribitur

131 4005 165 4059 de
187 4005 294 4070 salute,
318 4005 375 4059 sic:
398 4005 534 4058 mundrein
554 4023 582 4060 e.
600 4024 628 4081 q.
645 4025 679 4075 a,
703 4001 957 4081 quemadmodum
978 4002 1096 4062 Probus
1120 4004 1150 4060 in
1170 4004 1249 4064 Ver·

131 4107 196 4184 gilii
218 4107 358 4166 bucolica
380 4116 405 4178 6,
421 4118 451 4169 31
469 4127 499 4184 p.
519 4117 552 4169 18
571 4109 653 4167 Keil.
676 4114 796 4168 eundem
813 4113 948 4167 muudum
970 4118 997 4166 ct
1014 4099 1126 4184 κόσμον
1141 4113 1249 4167 dictum

127 4217 235 4286 probat
262 4216 356 4270 Varro
377 4218 405 4270 in
428 4216 554 4287 Cynicis,
578 4236 663 4288 quum
690 4219 837 4287 inscripsit
862 4218 973 4273 Delium
996 4227 1046 4274 eut
1069 4218 1168 4285 Seria,
1191 4219 1249 4273 sic:

132 4324 256 4378 mundus
276 4323 377 4377 domus
398 4331 439 4377 est
463 4341 489 4378 c.
513 4342 542 4398 q.
565 4342 588 4378 s.
635 4321 777 4380 Ceterum
799 4323 981 4380 sententiam
1004 4322 1104 4401 potius
1129 4320 1249 4400 (quam-
