2760 4890
174 311 232 371 104
599 318 856 365 conmortuus.

170 490 220 557 tes,
238 478 368 560 pedibus
389 476 454 536 ibo:
477 479 521 537 sie
546 477 668 537 obtineo
689 480 806 550 domum,
830 477 910 556 quod
933 476 1092 556 Roeperus
1108 477 1175 557 ipse
1198 477 1289 537 modo

172 586 290 646 delevit
317 582 404 643 modo
424 583 564 658 retinuit,
597 592 693 663 prout¹
708 584 863 658 versibus,
892 606 966 664 quos
994 584 1145 662 fingebat,
1174 605 1287 645 conve-

170 694 259 752 niret.
296 691 363 749 Nec
383 689 516 769 approbo
532 696 580 765 qui
598 696 639 761 si,
661 711 720 770 quo
747 711 787 750 ue
805 700 875 770 apte
893 690 1016 771 quidem
1047 692 1216 752 interiectis
1240 694 1289 752 his

171 804 261 859 album
298 809 338 859 est
363 817 442 857 mere
473 799 665 856 continuatur
692 798 796 856 oratio.
850 795 1040 856 Coniunctim
1070 797 1162 857 scribi
1190 804 1293 874 quodsi

171 905 344 984 oportebat,
367 912 400 963 ut
423 902 496 966 alibi
518 904 615 963 Varro
636 903 734 962 iubis
757 903 875 963 saturis.
912 903 949 961 In
972 923 1007 962 eo
1031 902 1158 975 haereo,
1188 914 1290 964 utrum

170 1030 269 1071 venero
289 1010 462 1090 praeferam
485 1031 523 1069 an
546 1021 701 1068 revertero:
722 1011 780 1069 hoc
802 1010 897 1082 enim,
918 1009 1000 1087 quod
1024 1017 1072 1068 est
1100 1010 1196 1071 altero
1218 1012 1289 1072 loco

171 1120 277 1190 Nonii,
304 1138 363 1176 non
392 1126 438 1175 est
464 1136 516 1175 cur
543 1117 786 1194 interpolationis
814 1121 921 1193 arguat
946 1115 1120 1192 Roeperus:
1149 1139 1220 1178 nam
1248 1141 1288 1178 ne

170 1225 229 1282 hoc
251 1221 374 1304 quidem
396 1227 492 1280 cessim
514 1219 562 1299 (ut
585 1223 625 1280 sit
651 1224 741 1301 retro)
764 1232 903 1282 revertero
923 1223 1100 1285 abhorrete
1122 1227 1287 1286 latinitate.

170 1331 240 1389 Hoc
258 1330 330 1388 novi
353 1329 474 1407 saepius
496 1329 527 1387 iu
544 1327 629 1386 libris
645 1329 797 1407 praefixas
817 1332 918 1391 verbis
938 1332 1106 1412 particulas
1123 1331 1289 1408 decidisse,

171 1447 205 1497 ut
232 1440 263 1496 in
287 1438 331 1496 eis
359 1434 508 1512 exemplis
536 1453 617 1511 quae
635 1455 727 1512 supra
743 1438 829 1515 tetigi
850 1459 881 1517 p.
904 1449 938 1502 98
959 1447 990 1498 et
1011 1441 1042 1497 in
1061 1439 1151 1508 unico
1170 1443 1289 1522 Bariana

171 1544 339 1620 fragmento
369 1540 542 1600 Meinekius
564 1560 618 1619 pro
639 1545 818 1613 puellascrmr
838 1529 969 1603 restituit
992 1545 1161 1604 rectissime
1183 1554 1289 1604 veteres

170 1656 385 1723 repuerascam,
409 1647 494 1705 cuius
516 1647 602 1706 verbi
622 1655 731 1706 extant
755 1652 897 1731 exempla
922 1653 1003 1732 apud
1024 1652 1155 1712 Nouium
1176 1673 1205 1730 p.
1231 1661 1289 1726 165,

170 1764 204 1817 25
232 1761 263 1812 et
289 1752 382 1810 habet
411 1754 539 1812 sortasse
575 1753 763 1831 praesidium
789 1756 820 1814 in
848 1758 913 1836 ipso
941 1757 995 1817 illo
1019 1759 1162 1818 lemmate
1193 1759 1290 1818 Nonii

169 1885 200 1941 p.
219 1874 277 1935 154,
293 1870 325 1924 7:
347 1859 543 1934 ‘puelluscere'
556 1861 731 1934 ‘ecfeminari
748 1865 790 1919 rel
808 1867 1012 1922 revirideseere.
1037 1865 1181 1943 Denique
1206 1864 1288 1944 quod

170 1989 224 2047 pro
246 1968 295 2026 his
316 1968 350 2024 ab
371 1967 422 2022 Ilio
446 1964 541 2021 altero
564 1964 632 2022 loco
661 1965 753 2021 Nonii
781 1967 816 2020 ab
845 1968 917 2023 delio
945 1966 1100 2042 scribitur,
1128 1969 1201 2028 inde
1227 1990 1288 2028 non

97 2057 102 2064 ”
170 2070 410 2151 improbabiliter
432 2071 607 2148 Roeperus‚
638 2065 844 2147 adstipulante
872 2071 978 2130 codice
1007 2073 1069 2148 Pii,
1103 2077 1137 2132 ab
1160 2076 1212 2133 Ilio
1234 2079 1290 2132 ulto

171 2178 285 2237 elicuit.
333 2175 467 2233 Tantum
492 2173 530 2233 de
557 2173 675 2232 verbis:
712 2194 809 2232 novae
841 2174 1038 2237 difficultates
1068 2180 1244 2238 oboriuntur
1271 2202 1293 2242 a,

171 2293 281 2356 metro,
316 2281 347 2339 in
373 2300 433 2359 quo
465 2300 532 2338 cum
561 2279 632 2338 oliui
661 2279 767 2340 Iunius
796 2289 826 2340 et
846 2282 963 2359 Popma
986 2305 1108 2362 operam
1131 2286 1288 2358 lusissent,

169 2391 328 2467 Roeperus
357 2386 468 2444 maiore
494 2384 649 2442 molimine
675 2405 737 2442 rem
767 2394 940 2463 aggressus,
971 2391 1047 2449 nibil
1075 2400 1177 2450 tamen
1205 2393 1288 2472 quod

169 2495 220 2554 vel
244 2494 302 2573 ipsi
328 2492 400 2551 satis
429 2489 548 2547 faceret
573 2491 770 2566 excogitavit.
824 2493 907 2552 Illud
936 2497 1023 2575 quasi
1052 2497 1228 2575 impingitur
1258 2499 1289 2556 in

171 2623 275 2673 aures,
295 2601 372 2658 hacc
394 2596 546 2655 senarium
568 2594 706 2656 efficere:

321 2717 439 2775 Adverti
460 2718 531 2772 venti
551 2714 725 2770 ceciderunt.-
747 2717 865 2774 albt'rmst
887 2737 974 2778 mere.

168 2859 206 2916 In
227 2853 356 2933 reliquis
375 2852 503 2908 haerent
525 2849 659 2906 numeri:
682 2869 739 2907 nec
762 2869 884 2930 qrroquo
904 2861 935 2912 te
960 2855 1104 2926 verteris,
1137 2856 1203 2914 sine
1235 2878 1288 2916 au-

170 2960 297 3033 daculis
310 2945 525 3017 mutationibus
547 2955 618 3013 licet
641 2955 751 3032 probos
769 2975 875 3016 versus
895 2959 1053 3037 effingere.
1075 2961 1155 3019 Nam
1172 2963 1287 3040 probus

170 3088 230 3126 non
254 3074 313 3137 est,
339 3082 428 3143 quem
450 3061 588 3139 proxima
610 3061 753 3134 offerant,
777 3060 930 3118 senarius:

322 3180 426 3251 Quodsi
441 3188 564 3254 perperat
585 3181 687 3236 diritius
708 3195 786 3235 mare
809 3177 923 3238 ualuere.

170 3321 275 3398 Quare
296 3315 377 3376 haud
400 3316 462 3373 scio
484 3335 523 3398 aa
545 3314 640 3372 Varro
661 3315 764 3372 versui
781 3313 824 3371 illi
841 3317 1007 3393 prosarium
1030 3338 1196 3379 sermonem
1215 3343 1287 3420 cop„

167 3425 342 3496 tinuaverit,
365 3421 418 3501 qui
440 3420 538 3479 sicubi
556 3419 661 3498 paullo
683 3420 869 3479 numerosior
893 3421 1017 3496 excidit,
1042 3423 1208 3485 videndum
1231 3439 1288 3502 est,

167 3550 206 3587 ne
229 3527 309 3609 quod
333 3547 406 3585 casu
428 3526 543 3584 factum
566 3525 606 3584 sit
627 3525 755 3584 consilio
779 3525 929 3585 tribuatur
952 3529 1118 3606 scriptoris.
1161 3532 1226 3592 Sed
1248 3557 1289 3594 ne

168 3634 248 3693 desit
269 3634 441 3693 relictorum
464 3652 604 3691 versuum
625 3629 812 3708 exemplum,
834 3632 916 3690 infra
933 3634 1040 3711 scripsi
1062 3635 1155 3710 tales,
1179 3639 1289 3717 quales

169 3740 291 3821 quidem
313 3741 379 3799 sine
401 3739 566 3798 offensione
586 3736 650 3813 legi
672 3735 848 3836 videntum·

318 3874 437 3933 Adee'rsi
456 3878 529 3931 renti
549 3872 724 3929 ceciderunt:
747 3875 865 3931 ulbdmst
886 3891 975 3931 mure.

320 3982 422 4049 erodsr'
443 3975 505 4058 [itti]
528 3985 649 4052 pergunt
667 3981 768 4036 diritius
791 3997 869 4036 mare
889 3982 1011 4049 voluere,

326 4087 432 4142 Veredr
451 4101 485 4140 ne
503 4100 545 4140 me
566 4102 686 4158 quoque,
710 4087 791 4158 purim
812 4089 919 4144 domum
944 4083 1022 4165 [ulta]
1047 4087 1081 4141 ab
1099 4073 1153 4142 llio

320 4190 424 4248 Cussz'm
440 4196 595 4261 revertero,
617 4184 646 4267 [θ’
662 4186 737 4268 meis]
754 4191 871 4264 praete'r
885 4209 983 4249 cenem

321 4297 474 4377 Cepndseut
487 4311 576 4353 nemo.
