2760 4890
220 343 276 402 ili]
645 343 898 394 CONIEOTANEA.
960 336 962 341 ¹

212 509 346 569 ferendis
373 528 440 567 cum
469 509 588 567 sincera
616 508 796 588 antiquitate
821 496 995 586 depravatis
1015 503 1193 562 recentioris
1217 503 1328 560 aetatis

212 615 342 674 moribus
363 621 512 673 versatur.
558 614 606 673 Cf.
633 635 663 692 p.
687 623 731 677 68.
775 614 858 687 Illis,
884 632 962 692 quae
986 609 1028 671 dc¹
1048 610 1178 668 militum
1199 608 1329 667 mollitia

214 721 413 800 exprompsit,
447 722 639 802 occasionem
668 720 753 779 dedit
779 721 828 794 id,
859 719 940 800 quod
966 719 1136 780 Varronem
1161 717 1264 796 ipsum
1291 714 1328 772 de

211 848 266 888 sua
295 826 402 885 militia
432 827 606 885 narravisse
639 828 676 885 fr.
700 836 716 887 2
742 826 854 884 indicio
881 836 937 885 est.
989 825 1050 884 Our
1078 825 1158 883 enim
1185 822 1266 882 haec
1290 821 1329 880 ad

212 934 303 992 alium
326 934 444 1012 potius,
474 952 563 1012 quem
591 931 765 1011 loquentem
788 931 959 1005 induxerit,
983 951 1074 1011 quam
1096 929 1136 990 ad
1157 931 1329 1003 Varronem

211 1044 308 1121 ipsum
321 1042 499 1112 referamus,
524 1059 612 1118 quern
628 1047 749 1096 strenue
766 1038 891 1098 militiae
906 1059 1031 1098 munera
1049 1037 1161 1096 obiisse
1187 1034 1327 1096 constat?

212 1149 260 1209 Of.
284 1147 318 1207 O.
334 1147 370 1205 L.
387 1146 517 1204 Rothius
540 1145 623 1216 (iiber
644 1149 671 1202 d.
691 1147 784 1202 Leben
804 1149 832 1203 d.
854 1147 894 1202 M.
921 1148 984 1204 Ter.
1010 1147 1113 1203 Varro.
1136 1147 1227 1202 Busel
1248 1141 1326 1219 1857)

211 1277 241 1334 p.
273 1266 301 1316 ll
331 1275 398 1334 sqq.
442 1253 547 1330 Ipsum
577 1254 677 1308 autem
707 1249 745 1307 de
778 1269 811 1309 se
841 1250 1047 1330 disputantem
1065 1245 1328 1311 Varronemeum

211 1360 307 1420 semel
332 1360 415 1417 nacti
444 1360 552 1429 simus,
580 1356 739 1430 nulla,res
755 1359 857 1434 magis
881 1357 911 1414 in
932 1359 1137 1436 proclivitest
1166 1375 1259 1435 quam
1288 1355 1328 1413 ad

213 1465 349 1526 eiusdem
368 1466 513 1524 Varronis
539 1482 700 1542 personam
721 1463 837 1523 referre
861 1484 913 1536 ea,
941 1484 1019 1543 quae
1042 1483 1134 1544 supra
1155 1462 1195 1521 de
1218 1463 1326 1520 errori-

211 1573 267 1633 bus
303 1593 338 1631 ac
366 1569 581 1651 peregrinandi
605 1565 731 1631 ,casibus
760 1587 776 1625 e
805 1568 941 1649 reliquiis
970 1573 1117 1652 expiscati
1146 1590 1264 1628 sumus:
1296 1577 1328 1626 ut

213 1688 310 1738 semet
337 1680 435 1756 ipsum
461 1670 493 1733 iii
512 1674 576 1740 ¹hac
606 1681 709 1731 satura
736 1681 890 1752 tamquam
916 1677 1043 1737 alterum
1065 1679 1116 1739 vel
1136 1677 1239 1757 potius
1264 1696 1326 1736 ses-

213 1784 394 1864 quialterum
408 1782 533 1842 Ulixem
547 1777 726 1858 depinxerit.
757 1782 881 1839 Etenim
897 1784 1152 1843 reminiscendum
1166 1757 1222 1859 est,
1246 1783 1327 1864 quod

212 1912 272 1950 non
294 1889 452 1970 praeteriit
470 1889 689 1946 Mommsenum
711 1886 781 1945 hist.
800 1887 887 1946 Rom.
903 1890 954 1948 III
969 1912 1000 1969 p.
1017 1901 1078 1966 584,
1102 1893 1276 1954 Varronem
1297 1893 1328 1950 in

213 1999 322 2057 saturis
352 1999 413 2057 suis
443 1995 542 2074 ipsum
568 1992 689 2072 saepius
715 2002 819 2071 partes
848 1997 1007 2074 primarias
1031 1999 1179 2061 obtinere.
1223 2002 1275 2060 Ita
1296 2001 1327 2058 in

212 2100 630 2182 Snxmrss1tamquamalter
653 2099 851 2176 Epimenides
873 2121 911 2159 ex
939 2105 1157 2184 quinquaginta
1181 2126 1328 2165 annorum

212 2213 328 2270 somnio
351 2212 479 2270 Romam
507 2206 603 2265 redux
633 2204 670 2263 de
698 2205 817 2264 interca
839 2207 929 2283 ¹factis
949 2231 1064 2270 morum
1086 2231 1123 2270 ac
1146 2210 1326 2290 disciplinae

212 2314 494 2376 commutationibus
514 2312 649 2389 graviter
672 2306 875 2392 conqueritur.
920 2317 958 2374 In
986 2337 1046 2396 qua
1068 2327 1172 2377 satura
1195 2319 1234 2378 de
1256 2318 1325 2391 alio,

212 2426 261 2483 cui
287 2444 354 2482 cam
381 2440 542 2501 personam
572 2417 719 2491 induerit,
749 2422 884 2497 cogitare
915 2442 975 2480 non
998 2423 1068 2481 sinit
1089 2410 1183 2488 fuld
1219 2430 1326 2496 Erras,

210 2534 316 2603 inquit,
345 2530 461 2598 Marce,
491 2538 630 2583 accusare
647 2543 717 2582 uos:
742 2533 901 2585 ruminaris
922 2532 1123 2603 antiquitates:
1150 2532 1182 2589 in
1205 2552 1266 2612 quo
1290 2533 1326 2591 fr.

211 2630 314 2694 nescio
343 2654 382 2691 an
409 2650 494 2690 erras
523 2639 694 2711 corruptum
722 2633 761 2690 sit
784 2654 801 2693 e
819 2617 931 2708 pareus
954 2636 1005 2694 vel
1026 2638 1127 2715 potius
1148 2655 1325 2711 compereor.

210 2740 411 2818 Eundemque
432 2741 600 2800 Varronem
628 2748 782 2820 tamquam
809 2741 1056 2802 interlocutorem
1081 2743 1258 2822 primarium
1279 2765 1326 2803 re·

211 2848 272 2905 fert
298 2848 335 2906 fr.
367 2855 410 2908 20.
462 2845 510 2904 Of.
543 2844 581 2904 de
614 2848 677 2905 eius
702 2856 823 2908 saturae
858 2857 1034 2926 argumento
1070 2855 1100 2908 et
1126 2848 1325 2928 dispositione

149 2950 152 2961 '
210 2955 430 3020 Mommsenum
461 2953 481 3011 l.
507 2973 533 3012 c.
550 2944 586 3033 p.
609 2963 670 3017 590.
717 2954 858 3035 Compari
885 2955 989 3014 indole
1012 2954 1107 3013 fuisse
1126 2963 1265 3015 Brurucun
1288 2958 1324 3018 fr.

142 3084 150 3092 ·
214 3070 246 3121 14
269 3079 438 3118 monemur:
466 3062 574 3117 Ebrius
606 3079 650 3132 es,
679 3064 795 3134 Marce,
827 3066 967 3138 Odyssian
994 3065 1069 3119 enim
1092 3064 1214 3121 Homeri
1238 3069 1326 3123 rumi·

211 3172 279 3224 nuri
295 3171 406 3240 incipis.
451 3166 500 3224 De
525 3167 609 3226 cuius
632 3168 669 3226 fr.
693 3168 860 3227 rationibus
884 3168 983 3227 dicam
1004 3167 1094 3227 infra.
1128 3166 1197 3227 Nec
1216 3170 1326 3227 inscite

210 3273 416 3330 Mommsenus
446 3271 669 3332 ‘libellionem'
694 3276 745 3354 qui
776 3283 821 3334 est
848 3277 879 3334 in
902 3283 979 3333 Maru
995 3276 1042 3334 'fn
1068 3283 1100 3337 18
1128 3277 1199 3332 Tum
1222 3279 1326 3332 adme

208 3381 346 3454 fuerunt,
380 3383 456 3452 quod
484 3382 650 3438 libellionem
672 3399 734 3439 esse
756 3386 891 3452 sciebant,
914 3383 1081 3442 Varronem
1105 3382 1246 3458 agnovit,
1277 3381 1326 3460 qui

210 3508 270 3544 non
295 3488 393 3565 potuit
415 3486 553 3563 profecto
580 3464 712 3565 lepidius
739 3507 833 3567 seque
860 3507 1007 3567 suamque
1028 3485 1173 3545 librorum
1196 3495 1227 3546 et
1249 3489 1325 3547 noti-

210 3595 283 3651 tiam
315 3601 345 3651 et
372 3594 594 3652 confectionem
623 3592 793 3671 designare.
845 3595 956 3653 Dicam
988 3590 1123 3652 breviter
1150 3593 1210 3652 hac
1238 3615 1324 3653 occa-

212 3701 295 3757 sione
320 3699 358 3757 de
375 3719 435 3778 qua
458 3720 490 3758 re
513 3699 654 3758 videatur
678 3701 709 3758 in
735 3722 772 3777 oa
793 3710 896 3759 satura
915 3701 1013 3761 Varro
1037 3700 1195 3758 consultus
1217 3701 1322 3759 fuisse.

210 3806 364 3865 Admonet
390 3808 469 3865 enim
497 3807 534 3865 fr.
562 3816 594 3868 8:
628 3808 711 3875 Quod
740 3811 807 3864 (lum
840 3788 1058 3876 administrant,
1092 3810 1121 3864 in
1149 3810 1251 3865 scrobe
1281 3808 1324 3881 fo-

211 3918 313 3972 diendo
335 3917 482 3971 inveniunt
504 3931 603 3970 aream
621 3913 740 3971 Numae
758 3912 900 3991 Pompilii
920 3911 1064 3970 librorum
1082 3931 1099 3970 e
1118 3920 1203 3972 terra
1225 3922 1323 3972 eruto-

211 4039 290 4077 rum:
320 4039 409 4098 quam
436 4039 501 4077 rem
528 4038 590 4075 non
621 4018 716 4077 semol
743 4018 841 4078 Varro
869 4019 900 4075 in
915 4017 990 4085 ¹aliis
1011 4017 1097 4076 libris
1119 4019 1230 4095 tetigit.
1277 4019 1323 4078 Of.

211 4126 339 4184 Rothius
360 4127 467 4202 fragm.
490 4125 596 4183 histor.
616 4125 702 4184 Rom.
725 4146 756 4204 p.
772 4134 833 4188 418.
880 4123 963 4202 Quid
985 4125 1011 4183 si
1028 4125 1126 4186 Varro
1149 4125 1181 4182 in
1201 4124 1256 4184 illa
1278 4145 1323 4183 sa-

210 4239 278 4291 tura
301 4253 338 4292 ea
358 4233 538 4292 narratione.
555 4233 598 4290 ita
619 4251 691 4290 usus
715 4233 770 4305 sit,
799 4239 834 4312 ut
856 4230 894 4289 de
916 4233 1047 4291 inventis
1070 4231 1132 4290 illis
1155 4230 1242 4290 libris
1264 4252 1324 4289 me-

210 4338 404 4398 morabilibus
435 4346 531 4395 semet
559 4322 666 4415 ipsum
688 4346 721 4395 ut
745 4336 932 4395 libellionem
953 4337 1069 4397 aditum
1090 4356 1159 4395 esse
1182 4336 1325 4396 finxerit?
