2760 4890
505 358 763 409 CONIEG'I'ANEA.

234 523 364 580 Musteus
384 528 443 578 est.-
463 536 602 593 propera,
624 535 710 577 coroa
732 534 785 575 aer
803 518 891 589 differ
912 518 1027 572 amieos.

283 630 358 685 Nam
378 629 449 685 mibi
468 645 533 685 roro
554 628 645 685 vetulo
666 629 704 682 att
722 632 859 698 petasone
877 622 956 679 attis.

76 798 124 857 At
151 818 226 859 vero
254 796 329 857 illud
356 795 547 855 incommodo
570 806 631 868 est,
661 793 744 875 quod
764 813 871 853 vocem
893 792 1006 870 ipsam,
1026 809 1117 869 quam
1136 786 1195 847 duo

78 902 247 981 designent
268 902 414 981 epitheta,
438 900 664 961 desideramus:
693 919 751 959 nec
776 910 877 959 tamen
901 916 968 957 eam
990 898 1089 977 repeti
1110 918 1127 954 e
1147 917 1195 955 su-

77 1006 262 1089 perioribus,
285 1029 363 1089 quae
378 1009 496 1068 Nonius
512 1006 760 1087 praetermiserit,
778 1008 844 1085 ipsa
860 1005 1058 1064 conformatio
1075 1014 1197 1064 senten-

76 1117 141 1175 tiae
171 1117 254 1177 sinit.
298 1116 378 1175 Nam
407 1126 457 1175 aut
486 1115 578 1174 fallor
606 1124 656 1173 aut
678 1114 755 1172 lraec
775 1113 806 1169 in
830 1110 1000 1190 exernplurn
1023 1110 1105 1170 dIcta
1128 1120 1197 1170 srrnt

79 1240 202 1295 eorum,
239 1223 291 1303 qui
319 1222 401 1305 quod
424 1230 494 1283 ante
511 1220 606 1303 pedes
630 1228 676 1279 est
697 1239 758 1279 non
778 1216 901 1291 vident,
925 1216 1003 1276 caeli
1025 1226 1199 1276 scrutantur

80 1326 208 1405 plagas:
236 1337 270 1386 ut
294 1328 397 1387 malim
417 1349 472 1410 pro
493 1338 521 1387 et
543 1329 648 1409 reponi
676 1338 716 1385 nt.
762 1328 900 1404 Augetur
929 1323 1004 1383 illud
1034 1325 1196 1382 incommo-

82 1430 172 1507 dum,
195 1434 278 1513 quod
300 1454 361 1495 non
382 1436 425 1495 ita
449 1434 601 1514 discrepat
621 1436 668 1495 vis
690 1454 800 1493 vocum
820 1440 950 1491 recentes
973 1440 1003 1489 et
1025 1435 1128 1489 onustat
1134 1476 1141 1501 ,
1166 1440 1199 1489 nt

82 1546 155 1619 apte
179 1538 266 1599 iuxta
286 1551 445 1620 ponantur.
488 1542 568 1601 Nam
589 1540 735 1621 quidquid
756 1538 906 1598 Oelrlerus
927 1548 1032 1597 contre
1053 1536 1198 1619 disputat,

82 1654 236 1705 musteum
255 1644 306 1705 vel
327 1655 458 1706 mustum
476 1657 602 1707 vocatur
625 1665 713 1704 omne
737 1646 817 1726 qnod
840 1646 993 1705 novellum
1014 1644 1065 1704 vel
1092 1664 1199 1704 recens

84 1756 140 1871 eug
156 1748 211 1827 (ef.
227 1750 345 1809 Nonius
362 1773 391 1831 p.
417 1762 484 1825 136,
506 1764 523 1817 6
548 1762 577 1813 et
599 1752 749 1813 Martialis
770 1752 790 1811 l.
813 1772 839 1810 c.
870 1751 1008 1829 Scaliger
1027 1753 1056 1809 in
1081 1752 1199 1810 coniec-

83 1854 186 1915 taueia
204 1876 235 1937 p.
257 1855 338 1935 not),
363 1857 445 1938 quod
470 1879 537 1918 cum
558 1859 596 1918 de
618 1860 697 1919 malo
716 1859 767 1919 rel
789 1858 936 1917 fructibus
957 1856 1085 1929 dicatur,
1110 1856 1201 1914 etiam

84 1960 168 2035 suci,
197 1980 277 2041 quae
299 1964 467 2022 recentium
485 1977 548 2038 est,
572 1965 787 2025 abundantiam
810 1964 960 2041 designat.
1005 1961 1109 2040 Quare
1126 1962 1200 2020 For·

85 2066 216 2127 cellinus
240 2078 373 2127 recentes
400 2090 460 2129 non
488 2072 591 2151 inepte
613 2093 666 2151 pro
689 2070 942 2151 interpolamento
962 2065 1084 2125 habuit:
1113 2065 1202 2123 modo

85 2170 163 2233 illud
191 2172 285 2232 etiam
304 2173 504 2249 advertisset,
536 2198 597 2235 uon
621 2178 717 2235 solum
739 2175 925 2235 subdititiam
949 2192 1055 2231 vocem
1075 2173 1104 2230 in
1125 2173 1201 2231 Var-

85 2278 171 2373 ronis
204 2277 302 2337 verba
327 2281 494 2355 invectam,
531 2282 585 2343 scd
616 2283 724 2343 eadem
751 2303 833 2355 eam,
865 2300 954 2360 (liram
983 2277 1202 2351 desideramus,

86 2384 218 2443 eiectam
240 2404 320 2445 esse.
356 2388 461 2467 Tetigi
484 2390 542 2448 hoc
564 2409 660 2467 genus
684 2388 923 2470 interpolationis
948 2387 979 2443 in
999 2382 1203 2463 superioribus

86 2510 118 2569 p.
137 2496 154 2553 7
176 2508 241 2569 sq.:
265 2510 323 2550 nec
350 2496 421 2553 novi
451 2496 586 2555 eiusdem
618 2498 728 2556 certius
757 2518 793 2555 ac
821 2493 1003 2553 luculentius
1033 2489 1205 2567 exemplum

88 2617 143 2669 eo,
170 2616 232 2677 quo
253 2596 468 2661 Laclrmaunus
497 2603 527 2661 in
557 2602 671 2663 Catulli
698 2601 861 2680 galliambo
887 2608 920 2663 ta
943 2620 998 2679 pro
1019 2597 1205 2676 ineptissimo

85 2708 218 2779 pontons
243 2708 362 2763 deomm
390 2710 429 2765 od
459 2713 541 2765 rororis
570 2708 762 2767 scribendum
793 2711 922 2783 pemr'nos
943 2709 1044 2763 rostris
1066 2708 1105 2762 od
1126 2706 1207 2761 casaris

89 2810 167 2871 dlxlt
195 2810 235 2871 ad
261 2810 396 2871 Lucretii
429 2812 538 2872 librum
559 2816 575 2873 l
597 2825 659 2879 824.
703 2816 849 2876 Varronis
883 2823 984 2873 autem
1005 2812 1207 2887 fragmentum

89 2936 169 2985 arrae
192 2916 236 2975 ita
259 2915 402 2995 distingui
425 2928 558 2999 oportet:

651 3086 682 3134 ut
695 3081 786 3151 pueri
805 3079 834 3132 in
854 3076 972 3133 (redibas

244 3176 370 3249 Soe'pius
387 3180 511 3251 pedibas
527 3182 684 3253 offensam,
708 3185 774 3240 (trior
790 3192 945 3256 petasones
966 3184 1089 3239 mistros

243 3274 284 3341 'ln
303 3286 441 3342 carnario
460 3288 579 3359 stratore
599 3289 768 3360 respiciant.

93 3414 219 3493 Pedibus
249 3434 401 3515 producta
431 3436 537 3496 ultima
568 3438 659 3499 hodie
686 3443 799 3501 nerrrini
829 3438 1004 3519 scrupulum
1027 3435 1134 3496 addet:
1169 3432 1209 3492 cf.

92 3542 282 3603 Bitschelius
306 3543 337 3602 in
352 3562 431 3603 novo
453 3561 556 3602 museo
578 3544 676 3605 Rhen.
697 3548 777 3607 VIII
795 3570 825 3627 p.
847 3556 908 3609 490.

177 3666 233 3725 Bis
259 3665 320 3725 lam
334 3666 380 3729 ,in
406 3666 613 3746 superioribus
639 3674 926 3727 Forenroaruscunaau
956 3665 995 3725 ad
1027 3671 1129 3743 partes
1158 3681 1210 3720 vo·

94 3771 173 3843 cavi,
193 3790 255 3851 quo
276 3773 323 3831 sni
342 3772 473 3833 Varroni
496 3793 603 3833 versus
625 3773 836 3835 redderentur.
882 3773 972 3833 Addo
990 3792 1070 3831 nunc
1090 3770 1151 3830 illis
1174 3788 1213 3827 ex

94 3876 204 3937 eadem
227 3887 333 3937 satura
355 3888 499 3959 quattuor
523 3880 671 3954 nondum,
697 3878 779 3961 quod
802 3880 906 3953 sciam,
931 3900 949 3938 a
972 3896 1125 3959 quoquam
1147 3895 1212 3934 sns-

94 3984 214 4043 citatos.
245 3982 297 4043 Sic
320 3986 357 4045 fr.
379 3994 412 4050 7:
434 3990 534 4045 Utrum
558 3991 633 4045 oculi
653 3990 722 4045 rothi
739 3990 922 4055 resecuttiuat,
942 4005 980 4043 (ιη
1003 4004 1054 4059 epo
1076 3987 1135 4042 vidi
1152 4000 1212 4041 ser-

94 4108 142 4147 vos
162 4094 193 4149 r'n
215 4094 307 4148 aroris
328 4102 430 4151 eontra
451 4096 598 4151 otoror'nost
621 4093 861 4171 septenariorum
880 4092 1047 4171 particulas
1069 4090 1179 4149 refert:

602 4254 698 4303 atram
721 4247 797 4302 ‹toai
815 4247 885 4303 milo
904 4248 1067 4302 rorantium

247 4340 299 4409 'Aa
317 4368 369 4425 epo
386 4368 485 4409 seruos
503 4351 562 4409 otas
584 4356 613 4409 r'n
637 4355 727 4409 (arratis
747 4352 849 4408 octono
871 4354 1023 4408 ‹1‹›mroos.
1048 4392 1054 4404 .
1079 4358 1106 4403 ,Ρ
