2760 4890
219 321 260 382 44
649 331 906 383 comucrmua.

221 494 350 554 Varroni
370 493 507 566 demere,
531 495 641 575 quine
662 492 742 553 tales
764 493 888 573 quidem
908 513 1027 570 versus,
1050 495 1157 577 quales
1175 495 1209 556 hi
1228 503 1299 557 sunt
1320 515 1337 556 e

219 608 323 662 satura
343 607 394 659 ilar
411 607 504 658 Monos'
519 607 640 658 Marsuas
662 601 700 660 fr.
722 609 739 664 6
786 649 791 658 .
1141 641 1161 687 9

376 745 454 814 luna
469 757 714 815 acerrimarum
737 754 888 829 quaquam
904 732 978 815 sarr.

219 859 222 866 '
269 860 271 864 ’
344 863 433 921 ·Hoc
455 863 580 922 coutluat
601 861 751 938 caupulum
773 861 938 933 conuiuia„

217 1035 237 1075 a
257 1034 313 1077 sue
334 1023 399 1075 arte
418 1016 517 1075 voluit
532 1015 649 1097 alienos
666 1034 745 1075 esse.
768 1014 817 1075 Of.
832 1035 862 1093 p.
879 1025 923 1079 37.
947 1016 1009 1076 Uni
1028 1005 1188 1095 Scaligero
1210 1018 1339 1079 debetur

215 1123 345 1201 proximi
359 1142 467 1182 versus
486 1122 675 1195 emendatio,
692 1123 744 1202 qui
766 1124 797 1180 in
814 1121 905 1183 libris
928 1124 972 1182 ita
985 1123 1135 1184 habetur:
1159 1144 1248 1199 quam
1264 1129 1337 1184 laila-

142 1289 146 1296 ,
214 1233 329 1298 ritatem
343 1234 538 1305 sipaificautcc
559 1232 656 1299 animi.
693 1229 760 1288 Iam
774 1231 806 1288 in
822 1229 923 1288 medio
942 1231 1112 1307 fragmento
1127 1233 1225 1311 primo
1243 1232 1337 1292 inseri

216 1345 358 1419 oportere
373 1338 412 1397 fr.
425 1337 470 1409 Π,
483 1343 593 1410 etquos
610 1355 777 1414 pronomen
791 1344 821 1394 et
831 1334 1048 1416 palpebrarum
1059 1339 1171 1396 mentio
1185 1337 1224 1396 ab
1242 1339 1337 1398 oculis

216 1465 278 1507 non
300 1441 493 1522 segreganda
514 1441 641 1500 evincit*
681 1439 766 1518 Quos
786 1460 893 1500 versus
915 1443 1019 1500 nescio
1040 1450 1139 1501 utrum
1155 1444 1250 1502 Nonii
1266 1463 1335 1504 con-

217 1551 318 1611 silium
340 1531 380 1608 au
401 1549 519 1608 incuria
540 1546 732 1607 librariorum
753 1549 904 1608 omiserit:
935 1556 1040 1608 extant
1062 1552 1093 1609 in
1116 1549 1226 1609 eodem
1244 1550 1337 1610 Nonii

215 1657 293 1718 libro
312 1677 342 1735 p.
365 1663 432 1728 218,
456 1664 508 1716 m:
531 1653 582 1713 ubi
605 1652 688 1733 quod
709 1654 912 1737 calliblcfaroa
930 1699 936 1712 .
955 1700 963 1732 ·.
984 1658 1089 1715 vallato
1110 1660 1222 1716 mobilis
1242 1667 1337 1733 reptos

217 1764 369 1836 scribitur,
391 1761 463 1821 olim
483 1766 689 1820 correxerunt.
724 1760 891 1820 Consilium
910 1769 1011 1821 autem
1028 1760 1122 1820 Nonii
1139 1764 1183 1822 ita
1200 1761 1281 1839 dico,
1304 1773 1336 1825 ut

217 1890 286 1937 cum
303 1868 342 1929 ad
362 1867 576 1948 explicandam
590 1872 681 1926 rictus
696 1888 803 1927 vocem
819 1867 858 1927 ab
874 1869 960 1927 initio
975 1867 1066 1947 plura
1085 1886 1177 1947 quam
1195 1889 1272 1948 opus
1289 1890 1333 1930 es·

165 2005 167 2009 ·
216 1986 265 2039 set
288 1975 520 2057 adscripsisset,
547 1993 617 2033 mox
636 1974 773 2035 velocius
797 1976 1020 2056 praetermissis
1042 1975 1151 2035 mediis
1173 1975 1213 2035 ad
1237 1977 1334 2057 ipsum

217 2105 276 2166 quo
298 2085 342 2143 uti
362 2083 460 2144 voluit
481 2081 664 2142 vocabulum
683 2083 877 2142 festinarisse
895 2082 1045 2142 videatur.
1086 2081 1187 2160 Quam
1212 2083 1334 2163 quidem

215 2191 443 2258 festinationem
465 2187 547 2247 haud
568 2187 725 2246 mirificam
752 2191 783 2249 in
802 2188 902 2252 Nonio
923 2209 1048 2267 possum
1068 2191 1100 2248 ui
1122 2190 1213 2249 fallor
1236 2192 1333 2251 altero

216 2296 356 2376 exemplo
383 2296 547 2354 illustrare.
590 2301 610 2350 E
634 2300 718 2350 Mimo
748 2294 828 2353 enim
855 2295 1000 2355 Varronis
1027 2297 1146 2355 Nonius
1175 2285 1217 2376 ps
1230 2274 1332 2370 5⁴l4',l

214 2411 340 2483 propter
361 2405 472 2477 patella
496 2416 605 2462 vocem
632 2401 709 2459 haec
737 2399 832 2460 verba
857 2403 1011 2480 excerpsit
1036 2403 1073 2462 fr.
1098 2412 1146 2467 19:
1191 2406 1333 2475 Quocirca

216 2515 328 2584 oportet
354 2512 457 2568 bouum
482 2513 570 2568 ciccm
595 2511 703 2583 lapibus
720 2525 831 2581 parcre
859 2516 887 2567 ct
908 2513 976 2568 cleos
1003 2513 1110 2580 colere,
1144 2515 1175 2568 ln
1195 2516 1332 2585 patellam

215 2619 288 2674 clarc
314 2607 422 2692 μικρὸν
450 2610 546 2686 κρέας.
591 2614 656 2683 816,
672 2615 752 2674 enim
773 2615 910 2693 pedestri
937 2617 1073 2676 oratione
1101 2617 1200 2677 scribo
1228 2619 1330 2691 verba,

216 2742 295 2802 quae
316 2742 375 2800 quo
401 2741 525 2782 numero
550 2721 701 2786 Oehlerus
723 2721 786 2800 legi
808 2722 949 2796 voluerit,
978 2743 1047 2782 cum
1064 2700 1262 2786 Basileenses
1286 2747 1329 2786 sc·

207 2836 304 2914 *cutus
326 2830 369 2888 ita
392 2828 571 2888 distribuat:

571 2965 715 3036 Quocirca
735 2971 846 3039 oportet
868 2968 970 3024 bouum
989 2969 1077 3024 ciuem
1098 2969 1205 3043 lapibus

365 3075 479 3132 Parere
496 3079 525 3130 ct
545 3075 614 3131 cleos
635 3076 743 3143 colere,
765 3076 797 3130 iu
812 3077 949 3146 patellam
970 3077 1043 3131 darc
1064 3063 1174 3150 μικρὸν
1215 3058 1234 3158 1‘

366 3175 463 3257 Κρέας
492 3251 494 3256 Α

214 3333 287 3392 mihi
315 3354 375 3392 uon
402 3334 499 3411 magis
529 3334 682 3412 cognitum
709 3352 800 3412 quam
821 3331 879 3391 fuit
898 3332 1064 3393 Meinekio.
1108 3334 1204 3413 Atqui
1228 3334 1283 3395 illa
1305 3344 1331 3394 ct

214 3444 281 3500 deoc
301 3443 394 3499 colere
412 3460 519 3519 parum
535 3439 706 3513 commode,
730 3449 763 3499 ut
778 3447 867 3519 puto,
891 3440 993 3500 statim
1011 3440 1202 3519 excipiuntur
1218 3441 1328 3526 abhis,

215 3565 294 3626 quae
318 3546 430 3604 Larum
453 3566 542 3605 sacra
563 3548 725 3605 attineant:
757 3550 787 3603 iu
810 3549 949 3621 patellam
971 3551 1043 3605 clare
1067 3567 1095 3621 μ.
1116 3568 1145 3606 u.
1192 3548 1237 3608 Ut
1259 3549 1329 3608 mihi

214 3652 354 3723 videatur
376 3652 509 3727 Nonius,
533 3673 592 3734 quo
615 3655 701 3713 citius
724 3652 763 3711 ad
786 3673 870 3726 eam,
895 3672 986 3732 quam
1008 3653 1199 3732 explicabat,
1221 3661 1330 3730 patella

213 3751 321 3817 voc‘cm
334 3760 518 3837 perveniret,
537 3759 596 3818 hoc
613 3778 734 3840 quoque
748 3759 815 3817 loco
836 3759 937 3818 media
953 3759 1104 3840 quaedam
1121 3762 1328 3823 transiluisse:

215 3885 342 3944 quorum
360 3885 431 3944 pars
454 3863 535 3944 apud
560 3863 690 3924 eundem
704 3865 836 3924 Nonium
860 3873 942 3924 extat
964 3887 994 3944 p.
1010 3874 1077 3939 480,
1099 3874 1131 3940 4,
1154 3866 1207 3926 ubi
1224 3888 1328 3929 exea-

214 3970 284 4030 dem
304 3980 407 4029 satura
429 3969 570 4049 perhibet
588 3970 629 4029 'fr.
647 3980 695 4034 20:
720 3991 777 4030 aaa
798 3975 977 4042 maledicere,
994 3974 1097 4046 pectem
1115 3979 1145 4032 r'n
1157 3977 1258 4050 focum
1274 3997 1330 4037 nou

212 4081 367 4151 inponere,
397 4081 578 4151 sacrificari:
607 4096 685 4157 quae
712 4078 784 4137 mihi
812 4076 934 4158 quidem
970 4078 1069 4157 aptius
1092 4081 1247 4160 praemitti
1269 4083 1329 4141 illis

212 4187 241 4241 r'n
260 4164 400 4256 patellam
422 4186 495 4240 dare
516 4204 545 4258 μ.
566 4203 594 4240 u.
616 4203 707 4263 quam
728 4182 837 4242 iisdem
858 4183 1000 4244 videntur
1019 4183 1174 4263 subiungi:

215 4381 225 4404 ,>
300 4338 442 4407 Quocirca
463 4344 576 4410 oportet
595 4339 698 4399 bonum
717 4342 805 4407 cluam
826 4340 934 4413 balbus
944 4356 1056 4416 parcre
1068 4343 1177 4423 claros
1191 4344 1287 4426 colere
1306 4375 1328 4384 -
