2760 4890
584 312 840 361 conmortuus.

784 476 861 531 dolia
883 475 955 530 uadi

307 581 372 636 Noa
393 581 497 635 ardent
519 580 614 652 cynici
621 602 630 634 :
657 581 683 634 si
700 579 829 653 [reperis
848 582 941 636 altero
961 581 1012 651 fiet

307 685 380 743 Cras
403 687 517 753 domus,
542 692 592 742 aut
611 689 710 743 eadent
729 689 846 759 plumbo
867 690 1018 744 commissa
1039 689 1173 744 monebit.

155 835 202 895 Of.
224 836 396 895 Heinrichii
420 856 526 895 comm.
551 836 590 895 ad
611 836 640 894 h.
661 837 682 896 l.
729 840 919 912 (londonium,
948 838 1031 918 quod
1060 842 1202 912 coquinae
1223 839 1273 913 sa-

153 948 261 1001 soriam
282 942 356 1001 dicit
376 941 536 1001 Palladius
559 941 597 1002 de
620 963 653 1003 re
674 946 789 1003 rustica
810 946 826 1003 I
849 953 893 1018 37,
911 947 1010 1023 tangit
1031 945 1191 1005 Beckerus
1206 945 1228 1004 1.
1246 966 1273 1004 c.

153 1071 183 1129 p.
212 1061 268 1113 195.
318 1053 473 1108 Uraarium
500 1049 598 1109 Varro
624 1050 691 1128 ipse
718 1050 852 1130 explicat
875 1049 913 1109 de
934 1050 1039 1128 lingua
1057 1051 1156 1111 latina
1173 1054 1202 1112 V
1225 1062 1274 1115 126

153 1157 209 1216 M„
239 1159 399 1214 Praetereo
422 1163 486 1214 erat
507 1161 622 1214 tertium
643 1173 734 1230 qenas
756 1174 871 1215 mensae
893 1167 921 1216 et
945 1163 1107 1232 quadratae
1127 1178 1273 1231 uasorum,

154 1273 285 1329 uocatam
307 1267 506 1333 aenariam,
531 1266 608 1337 quod
627 1280 720 1320 urnas
738 1283 802 1321 eum
825 1283 902 1338 aqua
912 1269 1024 1338 positas
1039 1269 1079 1324 ibi
1090 1271 1273 1341 potissimum

154 1372 296 1428 habebant
320 1373 350 1425 ia
379 1372 485 1426 culina.
531 1368 582 1427 Sic
611 1387 678 1426 cum
696 1368 789 1447 plana
812 1372 871 1428 sint
891 1369 1002 1443 verba,
1033 1370 1135 1431 dicam
1158 1372 1197 1432 de
1218 1394 1273 1431 nu-

155 1478 261 1549 meris,
282 1495 357 1554 quos
377 1472 500 1552 quidem
520 1473 592 1531 mihi
614 1475 645 1532 in
668 1493 704 1533 eo
722 1474 891 1552 fragmento
915 1477 1075 1556 percipere
1095 1478 1182 1538 visus
1206 1479 1273 1538 sim.

154 1581 235 1642 Vide
258 1582 338 1639 enim
358 1580 414 1639 has
438 1581 610 1638 octonarios
629 1579 793 1640 'iambicam

307 1761 314 1774 .
349 1761 355 1773 .
384 1720 435 1775 sed
456 1733 530 1790 quae
552 1717 758 1776 necessitasve
781 1720 858 1776 iubet
877 1738 982 1793 aquom
1000 1722 1154 1794 effundere

305 1823 393 1880 Boma'
411 1831 497 1906 tuae?
528 1827 555 1879 si
573 1823 643 1882 odsa
664 1827 754 1883 bobes
769 1828 907 1900 pertusa,
926 1830 1074 1899 plumbum
1090 1829 1148 1885 adn
1162 1829 1274 1886 bobes?

306 1932 352 1988 Ad
366 1931 452 2006 qudm
466 1947 526 1988 rem
542 1933 622 1989 uobis
633 1931 676 1990 e'st
690 1917 884 2006 confluvium?
905 1936 944 1990 ad
957 1933 1043 2007 qudm
1058 1951 1119 1992 rem
1136 1934 1272 2012 [quaeso]

1014 2040 1189 2100 urndrium?

154 2193 261 2251 quaeso
288 2175 402 2234 inserui
423 2191 516 2234 versu
534 2172 641 2245 tertia,
668 2192 727 2254 qno
751 2183 880 2233 metrum
907 2184 1069 2236 constaret.
1113 2177 1153 2235 In
1173 2156 1285 2256 primo⁸

155 2284 207 2362 qui
231 2289 279 2341 est
307 2281 409 2340 hiatus
432 2281 538 2354 oquu'm
562 2282 714 2353 effundere
736 2281 858 2342 videtur
880 2281 1006 2341 tolerari
1026 2301 1118 2363 posse
1141 2283 1173 2340 in
1194 2303 1274 2341 voce

153 2387 300 2447 iambica:
332 2387 370 2447 cf.
398 2386 613 2446 Lachmannus
641 2387 681 2446 ad
709 2388 845 2448 Lucretii
873 2388 924 2448 III
952 2399 1001 2453 941
1037 2387 1091 2467 (cf.
1110 2388 1144 2447 II
1168 2398 1218 2452 991
1241 2411 1274 2469 p.

157 2506 208 2559 130
228 2494 288 2575 sq.)
333 2495 444 2553 Mirum
465 2513 545 2552 sane·
560 2494 592 2551 in
613 2493 672 2551 hac
696 2493 910 2573 disputatione,
933 2497 965 2556 in
986 2516 1047 2576 qua
1066 2496 1188 2577 reliqua
1211 2517 1272 2555 om-

154 2602 206 2661 nia
234 2600 369 2680 pedestri
394 2619 533 2660 sermone
559 2602 666 2679 peragi
692 2601 849 2674 videntur,
877 2601 936 2661 hoc
957 2603 1080 2661 unicum
1101 2603 1275 2682 exemplum

154 2708 325 2768 metricum:
356 2707 411 2766 sed
434 2717 535 2767 tamen
556 2728 617 2766 non
639 2707 858 2788 spernendum,
880 2716 916 2767 ut
929 2717 1019 2788 puto,
1039 2727 1076 2768 ac
1096 2709 1199 2788 potius
1219 2709 1274 2769 eli·

156 2814 265 2874 cienda
293 2836 309 2873 e
332 2815 469 2893 reliquiis
490 2834 581 2895 quam
604 2811 794 2890 imperiosius
818 2815 955 2891 regenda
976 2816 1123 2876 Varronis
1145 2833 1273 2875 consue·

154 2922 238 2981 tudo.
282 2924 332 2981 Fr.
356 2922 439 2981 XIX
460 2942 490 3000 p.
512 2930 562 2994 48,
583 2929 616 2982 25
634 2920 726 2979 Nonii
747 2918 818 2978 libri
839 2925 984 2992 laconum,
1013 2943 1043 3001 p.
1064 2929 1132 2995 488,
1153 2931 1171 2984 8
1192 2927 1273 2982 laea-

155 3049 231 3087 nom.
275 3029 354 3088 Item
375 3027 428 3086 illo
451 3013 524 3086 locd
538 3030 627 3086 bama
647 3036 731 3087 recte
751 3026 835 3086 libri:
864 3025 923 3084 hoc
948 3046 1015 3085 cum
1033 3030 1118 3086 humo
1141 3027 1172 3087 in
1195 3030 1272 3091 Var-

155 3136 236 3194 ronis
259 3133 398 3213 exemplo
419 3132 561 3192 librarius
584 3135 732 3208 exararit,
755 3136 904 3194 refutatur
926 3132 964 3192 ab
986 3135 1054 3213 ipso
1076 3135 1195 3210 Nonio,
1209 3137 1274 3216 'qui

155 3242 184 3299 ei
207 3241 266 3300 hoc
285 3241 396 3301 lemma
419 3241 532 3299 ‘bama'
552 3261 610 3315 pro
633 3244 718 3300 bama
737 3238 888 3320 praefixit.
932 3239 984 3297 Fr.
1008 3239 1073 3300 XX
1095 3240 1179 3321 quod
1201 3251 1274 3301 ante

155 3352 267 3422 antiqui
286 3348 470 3424 vulgabatur
491 3357 523 3407 ut
548 3367 616 3407 cum
639 3347 796 3424 Scaligero
823 3354 853 3405 et
876 3345 943 3404 aliis
965 3344 1233 3429 deleviuvidetur
1255 3369 1274 3406 a

154 3455 213 3513 fine
239 3455 348 3514 indicis
377 3460 513 3529 menippu
543 3462 640 3513 ortum
663 3473 740 3512 esse.
787 3451 943 3528 Coniungo
968 3460 1069 3512 autem
1089 3456 1120 3511 in
1144 3457 1274 3512 domibus

153 3566 304 3634 latericiis,
336 3583 397 3621 non
423 3570 456 3621 ut
482 3560 614 3621 Oehlero
638 3559 768 3639 placuit,
797 3562 1003 3617 latericiis-
1026 3563 1178 3635 lapidibus.
1223 3562 1274 3620 De

156 3667 292 3752 domibus
313 3668 458 3727 latericiis
481 3667 553 3726 vide
573 3666 746 3726 Vitruvium
767 3665 801 3724 II
824 3673 854 3727 17
878 3686 924 3745 sq,
1167 3734 1196 3750 Α.

239 3776 304 3833 Frr.
329 3775 412 3833 XXI
433 3783 463 3834 et
484 3774 583 3832 XXII
605 3773 702 3830 forma
723 3771 945 3830 enuntiatorum
967 3773 1115 3833 contineri
1133 3773 1273 3853 apertum

156 3885 216 3936 est:
260 3898 388 3958 quorum
419 3880 496 3938 illud
534 3879 633 3938 eidem
663 3879 852 3938 novitiarum
877 3878 1058 3939 aedificandi
1094 3879 1274 3940 deliciarum

149 3984 355 4062 'contemptori
383 3986 529 4046 attribuo:
558 3987 734 4065 pavimenta
762 3985 805 4044 ait
824 4005 995 4047 marmorea
1017 3985 1100 4066 (nam
1122 3986 1173 4045 hic
1198 4006 1272 4066 quo·

155 4109 214 4168 que
235 4089 273 4148 dc
295 4091 477 4168 pavimentis
500 4113 598 4153 sermo
616 4092 674 4172 est)
699 4114 737 4153 ne
761 4093 918 4152 commoda
935 4095 1058 4174 quidem
1077 4112 1145 4152 esse
1168 4091 1273 4152 ambu·
1341 4084 1349 4091 ’

154 4196 275 4256 lationi:
306 4198 445 4277 exemplo
468 4219 534 4258 esse
557 4221 668 4278 magna
690 4200 865 4281 peristylia,
891 4201 922 4258 in
945 4194 1071 4280 quorum
1092 4197 1272 4278 porticibus,

154 4323 215 4382 quo
245 4301 399 4368 ambulare
421 4303 555 4383 possint,
585 4306 723 4366 sabulum
751 4308 853 4367 iacere
877 4305 1099 4366 consueverint.
1146 4304 1203 4364 Oui
1225 4326 1273 4364 re-
