2760 4890
628 334 882 384 commortuae.
900 338 906 354 ¹

349 498 446 554 Tertia
467 497 632 554 Poenarum
655 495 785 570 Infamia
804 502 886 553 stans

346 606 433 661 Neda
457 607 486 660 im
508 606 585 676 vulpi

345 713 481 779 Pectore,
503 712 643 783 flactatim
664 712 778 767 intonsa
800 727 881 767 coma

348 819 472 876 Sordida
495 820 608 886 uestitu,
632 833 682 874 ore
703 832 811 874 seuero.

193 975 232 1032 In
254 970 364 1051 quibus
383 973 523 1044 flactatim
546 968 664 1047 scripsi,
688 977 721 1027 ut
740 966 928 1026 Ribbeckius
944 967 977 1025 in
993 965 1114 1025 Afranii
1131 985 1225 1024 versu
1241 974 1310 1029 237:

193 1083 387 1140 Hermannus
413 1079 572 1150 fluctuatim
596 1075 734 1155 reliquit,
767 1094 834 1132 cum
860 1074 954 1133 Nonii
985 1073 1088 1146 libris,
1119 1074 1152 1131 in
1178 1081 1310 1153 utroque

193 1172 293 1247 versu.
338 1185 469 1245 Prelleri
491 1191 609 1256 pectore
635 1186 763 1256 fluitanti
784 1178 935 1259 displicet.
979 1180 1068 1240 Idem
1089 1155 1242 1241 Oehlerus
1265 1180 1309 1239 vi·
1369 1162 1373 1169 ⁴

194 1291 275 1365 dest,
296 1290 387 1374 qu'am
407 1292 496 1349 metri
514 1289 654 1369 peritiam
675 1287 734 1344 hoc
753 1305 844 1344 versu
866 1285 1001 1363 probarit
1023 1289 1060 1345 fr·
1079 1297 1128 1350 ts:

378 1504 388 1526 .
862 1441 920 1497 Sed

245 1605 248 1610 .
346 1553 404 1610 Nos
423 1552 509 1608 simul
529 1556 614 1622 atque
636 1552 665 1607 ia
686 1567 825 1607 summam
848 1551 994 1620 speculam
1011 1553 1207 1622 pervenimus,

192 1706 282 1768 quem
302 1707 390 1746 nemo
411 1686 470 1744 nisi
491 1683 587 1744 hebes
607 1705 668 1744 non
690 1685 776 1744 videt.
798 1685 842 1743 sic
864 1684 1009 1764 scriptum
1033 1704 1101 1744 esse
1118 1686 1309 1745 aVarronc:

345 1824 402 1881 Sed
418 1823 470 1880 ads
490 1824 677 1896 simulatque
696 1825 725 1879 ia
745 1823 884 1879 summam
904 1826 1051 1895 speculam
1073 1823 1211 1880 cemimus.

193 1977 245 2038 Sic
271 1977 333 2036 iam
356 1976 528 2035 Meinekius
556 1974 702 2047 correxit,
730 1976 781 2054 qui
803 1981 907 2035 tamen
930 1972 1019 2048 c'asu,
1042 1984 1127 2055 puto,
1150 1995 1212 2034 non
1236 1995 1307 2033 con·
1371 2056 1374 2064 Ι

193 2085 272 2144 sulto
294 2089 381 2142 altam
401 2085 503 2163 posuit
523 2103 577 2162 pro
597 2095 745 2141 summam.
779 2082 822 2143 Ut
844 2084 959 2141 mittam
982 2083 1043 2142 alia
1063 2085 1095 2143 in
1111 2080 1308 2141 Oehlerianis

193 2190 382 2268 castiganda,
405 2189 482 2249 illud
504 2210 595 2249 unum
617 2188 708 2262 addo,
732 2190 769 2249 fr.
792 2199 809 2253 3
831 2192 900 2248 Cam
922 2193 951 2247 iu
980 2208 1013 2250 eo
1037 2207 1126 2249 essem
1148 2198 1309 2263 occupatus

192 2302 326 2373 atquem
348 2301 446 2357 sclicla
469 2316 602 2368 curarer,
626 2306 658 2354 ut
678 2300 777 2356 scribit
797 2297 939 2366 Scantias,
964 2299 1056 2356 borao
1074 2313 1132 2370 per
1155 2298 1307 2370 Dionysia,

190 2425 351 2485 perperam
378 2414 447 2482 post
475 2402 651 2490 Turnebum
679 2402 717 2462 ab
739 2401 873 2463 Oehlero
897 2402 1038 2480 coniungi
1057 2420 1184 2462 curarer
1205 2405 1307 2473 lrorao,

191 2520 225 2571 ut
246 2512 285 2570 sit
307 2509 463 2588 ‘frugibus
492 2498 614 2569 et‘vino
643 2510 738 2590 ipsius
767 2510 838 2569 anni
858 2509 956 2568 foveri
980 2516 1010 2567 et
1032 2507 1096 2568 ali'.
1125 2510 1204 2588 Qui
1227 2513 1306 2570 scire

190 2617 282 2676 velim
302 2617 451 2696 quomodo
474 2615 685 2696 expediverint
705 2617 781 2677 illud
804 2622 833 2675 im
853 2617 959 2676 schola.
994 2613 1078 2692 Quid
1098 2614 1216 2679 multa?
1245 2618 1305 2676 Im·

104 2800 111 2814 .
189 2724 328 2801 perfecta
348 2729 395 2781 est
413 2723 564 2782 sententia
591 2731 682 2802 atque
711 2725 765 2784 illa
792 2728 883 2784 lroruo
902 2739 960 2797 per
979 2724 1118 2798 Dionysia
1140 2724 1171 2786 h.
1197 2745 1224 2787 e.
1247 2725 1305 2784 hoc

83 2883 87 2892 ,
190 2849 268 2887 anno
295 2848 350 2907 per
375 2829 527 2907 Dionysia
559 2829 662 2901 (lacuer
692 2850 729 2888 au
755 2834 811 2889 dea
837 2833 1006 2907 Dionysieu)
1041 2839 1161 2912 sumpta
1191 2840 1263 2892 sunt
1288 2853 1307 2892 a

190 2935 325 3010 Scantio,
347 2935 385 2994 de
406 2942 617 3014 qucnugatur
637 2935 797 2998 Oehlerus.
843 2941 945 2999 Hormo
968 2947 1069 2998 autem
1087 2936 1306 2998 adverbialiter

191 3051 221 3102 et
242 3042 369 3102 Plautus
392 3061 464 3100 usus
488 3049 535 3101 est
558 3039 704 3119 (Mostell.
728 3053 778 3108 159
799 3047 891 3105 borao
911 3050 1010 3105 messis
1031 3043 1176 3124 magnast)
1200 3051 1231 3104 et
1254 3064 1303 3104 eo-

190 3138 259 3209 dem
283 3148 376 3208 Nonii
401 3147 470 3207 loco
499 3157 657 3228 p.121,e
685 3149 836 3211 Lucilius:
876 3159 973 3211 utram
998 3171 1075 3212 amaa
1096 3170 1136 3210 aa
1160 3153 1254 3210 ltorao
1278 3159 1304 3209 ta
1368 3222 1370 3227 ,

188 3259 341 3316 abstuleris
362 3277 380 3314 a
403 3259 472 3314 uiro.
533 3300 538 3313 .

272 3361 379 3422 Redeo
402 3363 442 3422 ad
463 3372 635 3424 enarratum
658 3372 780 3423 saturae
802 3373 1026 3442 argumentum:
1048 3367 1081 3426 in
1101 3387 1161 3448 quo
1184 3367 1304 3449 siquid

187 3469 253 3528 veri
274 3469 415 3547 tetigero,
439 3491 501 3530 non
517 3469 757 3549 improbabiliter
771 3481 1027 3533 cummunicare
1043 3483 1147 3535 satura
1163 3475 1304 3553 componi

187 3595 267 3635 nunc
293 3596 310 3636 e
337 3576 521 3656 logistoricis
549 3585 652 3657 potest
677 3578 730 3637 ille
759 3578 807 3637 cui
830 3580 1005 3642 inscribitur
1028 3586 1143 3643 Orestes
1166 3585 1203 3640 de
1224 3585 1302 3640 iasa-

186 3688 251 3742 uia:
272 3684 479 3761 logistoricum
499 3683 567 3744 dico
590 3695 651 3769 non
671 3705 762 3766 quem
780 3685 925 3747 disertum
946 3687 1072 3771 aliquod
1086 3689 1303 3771 testimonium,

187 3787 243 3847 sed
276 3786 443 3867 probabilis
474 3791 637 3851 Ritschelii
669 3793 859 3854 ratiocinatio
893 3795 1100 3874 logistoricum
1117 3811 1118 3814 ’
1134 3814 1204 3855 esse
1232 3815 1301 3874 per-

91 3903 95 3909 '
187 3893 324 3954 suadeat.
367 3899 417 3956 De
442 3899 526 3957 cuius
555 3908 732 3976 argumento
756 3902 892 3981 opusculi
915 3901 1031 3982 absque
1052 3901 1138 3961 titulo
1160 3903 1214 3961 vix
1234 3922 1302 3962 cer·

186 3999 247 4058 tius
270 4001 433 4080 quicquam
460 4024 498 4063 ex
519 4007 609 4065 unico
636 4007 807 4085 fragmento
832 4008 915 4089 apud
938 4008 1071 4071 Gellium
1092 4008 1216 4071 XIII-4
1239 4009 1301 4068 col·

185 4106 239 4184 ligi
263 4114 365 4185 potest
392 4106 523 4191 (dequo
546 4112 584 4173 fr.
604 4115 644 4173 cf.
665 4115 820 4175 Krahneri
841 4116 987 4177 Varronis
1010 4115 1101 4176 surio
1119 4137 1150 4197 p.
1172 4113 1237 4193 14):
1264 4136 1302 4176 ac
1354 4136 1361 4150 ¹

184 4215 289 4273 nescio
323 4236 413 4296 quam
443 4219 508 4278 iure
537 4239 576 4279 ex
603 4227 759 4278 Eonnumun
789 4230 966 4304 argumento
999 4222 1153 4282 conclusio
1181 4222 1236 4282 fiat
1262 4222 1301 4283 de

185 4319 309 4400 Oreste.¹
351 4324 470 4384 Tamen
500 4331 616 4385 tantum
652 4328 731 4386 hanc
763 4329 869 4389 valere
901 4332 1111 4408 cognationem
1141 4349 1222 4411 quae
1256 4333 1301 4390 vi-
