2760 4890
141 353 160 413 6
568 363 825 410 conlucremur.

139 520 258 600 placet,
290 542 365 594 nec,
397 542 457 600 qua
483 522 603 594 nititur,
634 522 807 598 analogiam
836 543 987 599 agnosco:
1021 521 1145 579 multum
1173 522 1252 578 enim

142 628 245 706 dispar
267 637 313 687 est
332 633 454 702 praecia
475 627 594 704 glossa,
619 648 710 707 quam
733 627 848 688 Paulus
871 627 1026 686 breviator
1047 629 1133 686 Festi
1156 629 1251 706 expli-

140 735 201 793 cuit
221 755 252 814 p.
272 743 323 795 224
344 734 386 793 M.
403 733 542 792 Aliorum
564 743 734 793 commenta
757 737 857 794 sciens
881 734 996 796 omitto.

223 860 274 917 Fr.
296 860 347 918 ΙΙΙ
373 880 460 919 suum
484 861 612 920 nitorem
638 862 826 944 Lachmanni
855 861 976 938 ingenio
1001 859 1108 933 debet,
1137 862 1188 939 qui
1212 861 1251 919 ad

138 965 274 1024 Lucretii
295 965 325 1025 V
346 974 397 1030 679
418 987 448 1045 p.
470 975 522 1029 306
545 987 582 1026 ex
604 968 661 1026 hac
678 968 771 1026 Nonii
791 967 935 1025 memoria
955 988 985 1046 p.
1004 975 1049 1039 88,
1070 970 1252 1028 epaenetus

137 1076 295 1145 discipulus
323 1078 520 1147 dicorporrois
551 1076 657 1148 (dicor,
692 1093 783 1146 porro
807 1076 831 1130 is
856 1071 1026 1151 Mercerus)
1054 1074 1114 1145 fuit
1139 1076 1252 1129 Erucius

139 1178 241 1248 (Euui,
272 1182 387 1238 Euuius
409 1181 551 1260 Rothius)
581 1183 741 1238 Musarum.
789 1181 947 1251 Pompilius
975 1181 1073 1237 elueor
1099 1179 1250 1258 lepidissi-
1279 1174 1284 1179 ’

136 1303 232 1356 mum,
263 1284 345 1364 quod
375 1305 466 1363 supra
495 1289 617 1367 scripsi,
648 1285 812 1344 distichion
834 1283 946 1343 elicuit.
991 1285 1159 1365 Pompilius
1183 1287 1250 1364 quis

136 1389 244 1461 fuerit,
276 1389 378 1450 dicere
399 1414 460 1452 non
481 1415 620 1474 possum:
651 1393 773 1453 videtur
803 1398 904 1451 autem
931 1389 990 1448 hoc
1015 1391 1114 1468 ipsum
1139 1412 1251 1450 nomen

136 1514 205 1553 esse
230 1496 309 1569 ciue,
341 1517 430 1576 quem
450 1500 548 1559 Varro
570 1499 707 1573 induxit,
736 1499 863 1571 musici,
895 1498 946 1576 qui
971 1517 1056 1555 suam
1077 1506 1172 1556 artem
1194 1519 1252 1577 per

136 1601 265 1659 Pacuvii
288 1603 440 1684 Enniiqne
466 1605 579 1681 gradus
607 1605 645 1665 ab
670 1608 804 1685 ipsarum
823 1605 979 1663 Musarum
1004 1605 1103 1680 gratia
1128 1604 1249 1681 repetit.

136 1702 303 1765 ‘Musarum
326 1708 505 1791 discipulus'
533 1710 615 1791 quod
634 1711 750 1770 Ennius
774 1718 918 1783 vocatur,
949 1710 988 1768 ad
1009 1710 1073 1768 eius
1094 1709 1250 1768 annalium

137 1812 294 1872 exordium
308 1815 503 1875 referendum
521 1825 576 1889 est,
594 1837 652 1895 quo
669 1817 836 1895 respiciens
848 1817 1009 1875 Lucretius
1024 1816 1041 1875 I
1056 1823 1104 1877 117
1123 1814 1250 1872 cecinit:

745 1975 795 2044 qui
811 1973 926 2042 primus
947 1985 1065 2026 umoeuo

281 2076 388 2132 Detulit
410 2093 449 2133 eu
470 2078 607 2135 Helieone
628 2080 753 2150 pereuni
770 2077 877 2150 froude
898 2094 1043 2134 coronam.

134 2227 183 2284 Dc
207 2228 304 2284 forma
327 2230 418 2286 Pacui
444 2229 515 2288 vide
535 2228 731 2288 Lachmanno
755 2228 910 2287 laudatum
930 2230 1150 2287 Mommsenum
1175 2230 1249 2301 (Uu-

134 2335 309 2392 teritulisehe
331 2335 461 2392 Dialecte
487 2354 516 2407 u.
539 2333 614 2412 284).
659 2334 722 2393 Sed
751 2332 832 2412 quod
863 2332 1023 2391 distichum
1052 2333 1129 2391 illud
1156 2336 1249 2394 tertio

132 2440 201 2498 loco
227 2439 369 2517 apposui,
395 2436 498 2496 dubito
527 2458 598 2496 num
623 2440 696 2498 satis
721 2446 803 2498 certo
825 2438 1014 2496 instituerim.
1059 2439 1163 2498 Tener
1182 2442 1249 2519 qui-

134 2545 203 2604 dem
224 2545 442 2604 sententiarum
465 2543 622 2602 commode
642 2565 659 2601 a
682 2544 852 2621 significata
870 2544 1062 2622 professione
1081 2544 1249 2606 adnomen

132 2653 232 2730 ipsum
247 2649 401 2729 procedit:
426 2647 481 2706 sed
503 2666 570 2705 cum
589 2647 710 2707 distichi
725 2658 834 2708 natura
848 2650 978 2708 maxime
1002 2650 1158 2710 clausulae
1175 2672 1247 2712 con·

132 2759 237 2817 veniat
260 2756 315 2834 (cf.
338 2755 375 2816 G.
394 2755 588 2813 Hermannus
610 2755 641 2813 in
663 2757 822 2815 elementis
843 2756 871 2815 d.
892 2778 930 2815 m.
951 2778 981 2835 p.
1001 2758 1084 2836 359),
1109 2759 1174 2817 fere
1193 2759 1247 2818 ad-

133 2864 241 2937 ducor,
272 2872 305 2921 ut
326 2861 445 2940 reliqua
466 2862 611 2937 prooemii
634 2861 806 2937 fragmenta
826 2864 961 2921 'iambica
980 2863 1120 2921 concludi
1145 2867 1248 2943 aptius

132 2971 261 3030 disticho
281 2971 395 3048 opiner.
431 2966 530 3026 Varro
547 2966 670 3044 quidem
684 2969 751 3047 ipse
766 2969 876 3042 semel,
896 2970 946 3029 vel
965 2972 1088 3028 sirecte
1106 2971 1246 3046 coniicio,

131 3059 177 3138 bis
196 3085 357 3157 praeterea
376 3071 546 3132 claudendo
566 3075 783 3133 sententiarum
804 3073 902 3133 ordini
923 3075 1074 3135 distichon
1097 3075 1246 3137 adhibuit.

132 3185 184 3244 Sic
207 3186 238 3243 in
258 3190 414 3248 erncrssr,
441 3187 625 3257 conquestus
649 3179 730 3237 urbis
752 3181 908 3239 Romanae
931 3180 1190 3260 depravationem,
1215 3186 1248 3243 in

91 3264 100 3281 ο
131 3290 189 3348 hoc
212 3288 381 3361 distichon,
411 3285 493 3366 quod
515 3285 729 3343 Lachmannus
753 3285 798 3353 ¹ad
821 3286 957 3345 Lucretii
980 3288 997 3345 Ι
1019 3299 1070 3350 805
1093 3309 1121 3365 p.
1142 3297 1176 3351 56
1199 3311 1246 3349 re-

132 3395 228 3454 sana
252 3391 302 3472 (fr.
323 3402 341 3455 e
364 3391 467 3470 oen.)

277 3549 356 3622 Erpa
382 3556 440 3603 tum
462 3547 570 3603 Romae
588 3562 682 3617 parce
702 3562 834 3618 pureque
851 3549 989 3618 pudeutis

340 3654 445 3709 Vicere
466 3651 513 3722 (eu
532 3653 689 3726 putrium:
713 3670 789 3708 uuuc
811 3669 910 3709 surmus
928 3657 958 3710 iu
980 3656 1094 3711 rutubu.

130 3816 265 3892 graviter
289 3815 387 3874 desiit.
433 3814 475 3873 Ut
498 3814 569 3872 huic
598 3812 768 3889 fragmento
796 3815 888 3893 paulo
914 3817 1017 3897 plures
1043 3838 1133 3896 quam
1160 3820 1245 3898 apud

131 3920 298 3980 Oehlerum
324 3921 472 3999 reliquiae
501 3923 655 4000 praemitti
684 3921 826 3980 debeant.
873 3921 929 3980 Oui
958 3925 1090 4002 compari
1118 3934 1148 3983 et
1172 3946 1244 3985 sen·

128 4028 225 4085 tentia
247 4035 278 4085 et
299 4047 355 4085 usu
378 4035 424 4086 est
444 4028 502 4086 hoc
526 4027 564 4088 de
584 4035 874 4086 Paronroamacrmwr
900 4029 1101 4106 fragmentum
1123 4031 1204 4112 (lllz

173 4167 176 4171 ’
213 4183 291 4254 Erpa
314 4189 371 4239 tum
391 4200 494 4241 sacrae
514 4187 664 4258 retipiosuc
678 4190 831 4258 castaeque
849 4184 974 4270 fueruat
991 4204 1039 4244 res
1060 4205 1173 4246 omum:

127 4334 159 4390 in
182 4353 241 4412 quo
264 4334 345 4413 quod
369 4335 405 4394 L.
434 4337 591 4396 Prellerns
616 4336 690 4407 (Jeu.
714 4339 779 4394 Luc.
803 4339 921 4411 Zeituuy
956 4345 1021 4400 1847
1049 4359 1078 4397 n.
1103 4339 1166 4417 157)
1195 4361 1245 4400 res
