2760 4890
213 339 273 400 172
640 351 899 400 conmortuus.

210 511 298 591 quasi
320 531 374 570 suo
398 510 540 589 exemplo
563 512 674 570 ceteris
688 519 769 570 ‚ante
789 510 894 570 oculos
915 518 1053 589 poneret.
1092 509 1183 590 Quae
1206 509 1333 592 quidem

210 619 338 696 suspitio
362 637 397 676 eo
420 617 582 678 adiuvatur
600 614 748 691 nonnihil,
765 615 1021 698 quodpeculiare
1031 618 1177 680 Varronis
1197 617 1331 678 studium

208 735 270 787 tam
298 729 329 786 in
358 724 539 785 cavillandis
568 723 716 804 Cybeles·
737 744 774 783 aa
801 721 960 804 Serapidis
990 724 1122 786 cultibus
1147 727 1332 804 peregrinis,

208 833 318 913 quibus
343 833 460 893 aboleri
483 852 519 890 ac
542 831 691 909 corrumpi
714 829 780 889 fere
804 831 930 911 antiqua
950 833 1154 893 Romanorum
1175 853 1266 892 sacra
1286 835 1331 892 vi·

209 940 367 1014 derentur,
396 960 486 1020 quam
515 939 546 996 in
575 937 737 1017 carpendis
766 958 944 1016 graecorum
970 938 1223 1019 philosophorum
1241 939 1332 1018 nugis

208 1050 399 1126 agnoscitur,
431 1045 540 1126 quibus
569 1042 741 1103 cavendum
769 1053 849 1118 erat,
892 1065 931 1104 ne
957 1064 1031 1104 vera
1058 1065 1185 1105 romana
1216 1067 1331 1107 morum

200 1138 373 1235 'disciplina
392 1152 483 1210 nimis
506 1151 690 1209 inficeretur.

293 1259 357 1321 Sed
385 1257 586 1339 perscribam,
620 1277 679 1337 quo
707 1257 778 1330 illa,
814 1257 925 1336 quibus
948 1260 1066 1318 munire
1087 1255 1241 1338 probabili
1259 1258 1331 1318 reli-

208 1370 346 1448 quiarum
375 1363 580 1425 distributioni
606 1359 687 1421 viam
710 1362 810 1436 volui,
834 1372 864 1424 et
886 1363 1033 1435 illustrem
1056 1372 1087 1424 et
1106 1365 1239 1423 viriliter
1262 1384 1331 1423 con·

207 1476 338 1544 firmem,
365 1473 432 1551 ipsa
461 1471 521 1528 iam
552 1469 738 1546 fragmenta,
763 1489 842 1548 quae
861 1465 921 1528 huc
942 1471 1098 1549 pertinere
1121 1468 1266 1538 arbitror,
1295 1490 1332 1529 eo

209 1579 331 1661 quidem
355 1576 476 1648 ordine,
499 1597 589 1655 quem
610 1577 780 1654 proximum
806 1597 824 1635 a
847 1577 975 1658 pristino
998 1596 1066 1636 esse
1085 1576 1158 1635 mihi
1180 1577 1330 1653 persuasi.

294 1684 412 1764 Quibus
442 1682 539 1742 modis
563 1684 661 1743 Varro
691 1686 744 1744 vel
769 1693 865 1744 semet
893 1684 992 1761 ipsum
1016 1683 1074 1762 ,vel
1101 1703 1171 1743 eum
1199 1683 1249 1742 cui
1275 1684 1332 1743 has

207 1777 309 1870 partes
340 1789 475 1864 dederit,
506 1799 676 1869 correptum
696 1791 797 1850 furore
818 1790 1023 1863 simulaverit,
1054 1789 1158 1850 dicere
1179 1809 1243 1849 non
1261 1811 1331 1870 pos-

207 1919 286 1958 sum:
310 1907 341 1956 at
361 1898 414 1956 ubi
431 1897 513 1955 fama
536 1897 601 1962 eius
619 1897 758 1958 insaniae
780 1898 938 1976 vulgatur,

291 2052 308 2109 I
330 2049 391 2130 (43)
415 2054 465 2110 vix
484 2054 585 2125 vulqus
607 2056 739 2126 confluit,
764 2071 820 2131 aon
843 2054 1012 2120 Furiarum,
1036 2052 1088 2108 secl
1104 2067 1267 2123 puerorum
1289 2059 1331 2107 at-

208 2176 263 2233 que
289 2160 476 2229 ancillarum,
511 2162 562 2231 qui
590 2175 687 2215 omnes
714 2177 757 2216 me
783 2162 864 2217 bilem
892 2166 987 2215 atram
1014 2160 1125 2232 apitare
1152 2160 1332 2216 clamitantis

208 2268 368 2337 opinionem
390 2267 459 2321 milti
481 2267 613 2322 insaniae
635 2281 714 2325 meae
736 2268 918 2338 confirmant.

207 2421 258 2476 uix
282 2435 349 2475 esse
369 2437 424 2496 pro
451 2421 546 2475 statim
575 2416 631 2475 hoc
653 2417 793 2497 exemplo
817 2417 907 2476 docet
928 2415 1052 2496 quidem
1073 2416 1192 2477 Nonius
1214 2438 1244 2497 p.
1269 2426 1330 2493 421,

207 2531 232 2596 6,
253 2521 308 2582 sed
329 2523 373 2581 ita
396 2522 494 2597 docet,
516 2530 550 2581 ut
573 2542 611 2582 ex
626 2521 731 2582 addito
747 2522 843 2581 altero
862 2522 995 2601 Vergilii
1013 2523 1154 2602 exemplo
1170 2533 1329 2603 appareat,

210 2650 278 2687 eum
299 2649 360 2687 non
378 2647 490 2686 novam
511 2636 541 2687 et
561 2627 729 2688 inauditam
752 2628 817 2687 eius
832 2628 1004 2708 particulae
1017 2629 1171 2688 notionem
1189 2629 1328 2690 tradere:

214 2737 292 2808 Vtra.
319 2736 366 2791 lib.
394 2736 445 2791 ΙΙ.·
482 2736 552 2790 ‘viu
583 2751 619 2791 ea
651 2737 735 2809 fatus
760 2753 855 2805 eram,
889 2740 994 2810 yemitu
1022 2755 1087 2795 cum
1111 2738 1182 2793 talia
1210 2739 1328 2810 reddit',

208 2837 460 2919 quemadmodum
489 2858 556 2898 cum
577 2813 668 2899 'multi
695 2840 748 2898 alii
780 2849 843 2900 tum
872 2842 969 2900 Van-o
998 2842 1065 2922 ipse
1085 2841 1206 2900 locutus
1228 2851 1276 2901 est
1298 2843 1328 2901 in

208 2941 349 3002 Sarroissr
373 2944 409 3002 fr.
436 2955 470 3008 18
505 2951 556 3004 uix
583 2949 697 3023 ecfatus
724 2955 803 3017 erat,
833 2967 897 3007 cum
926 2965 1004 3006 more
1031 2952 1172 3007 maiorum
1197 2967 1223 3007 e.
1250 2967 1282 3028 q.
1304 2969 1328 3010 s.

207 3050 318 3130 Itaque
347 3049 439 3108 etiarn
470 3053 501 3110 in
530 3052 583 3111 illo
607 3053 748 3132 exemplo
770 3052 930 3132 probabile
953 3063 1016 3127 est,
1045 3054 1178 3115 Nonium
1206 3058 1329 3116 nonnisi

206 3157 342 3236 protasia
365 3157 567 3236 apposuisse,
586 3178 676 3239 quam
699 3158 862 3219 exordiens
885 3180 902 3218 a
925 3181 990 3220 cum
1011 3161 1163 3241 particula
1188 3165 1327 3223 enuntia·

206 3273 270 3324 tum
293 3262 483 3340 excipiebat:
506 3264 565 3322 nisi
585 3265 652 3344 quis
674 3265 759 3323 malit
782 3267 862 3325 inter
884 3273 934 3325 uia
956 3275 987 3326 et
1008 3272 1109 3343 vulqus
1131 3269 1327 3332 intercidisse

208 3371 373 3453 quaedam,
401 3371 492 3429 huius
521 3370 585 3429 fere
611 3391 734 3430 sensus:
763 3376 813 3430 uix
841 3377 977 3448 culpatur
1004 3375 1102 3447 fama,
1131 3394 1198 3434 cum
1227 3383 1328 3453 vulqus

207 3485 340 3556 confluit:
369 3476 451 3559 quod
477 3497 544 3536 eum
572 3477 647 3536 mihi
674 3479 770 3555 magis
797 3479 936 3558 placeat,
964 3456 1066 3537 tamen
1089 3479 1210 3541 obstare
1233 3483 1326 3543 alicui

206 3588 356 3661 videatur,
378 3584 506 3644 eandem
530 3586 711 3644 sententiam
732 3585 770 3644 ab
794 3585 901 3646 eodem
919 3583 1020 3644 Nonio
1042 3605 1073 3663 p.
1095 3597 1154 3660 153,
1176 3597 1195 3650 3
1218 3587 1327 3648 eadem

207 3697 304 3754 forma
327 3694 443 3753 afferri:
470 3697 520 3750 uia
543 3695 643 3766 uulgus
664 3696 796 3765 confluit:
820 3713 1003 3774 quamquam
1025 3693 1326 3769 memorabilemJNo·

206 3802 250 3859 nii
279 3803 370 3859 etiam
396 3802 427 3858 in
454 3799 537 3857 vitiis
565 3796 822 3857 manifestissimis
849 3801 1048 3858 constantiam
1077 3801 1200 3878 saepius
1223 3801 1327 3861 obser·

207 3909 295 3966 vavi:
320 3926 410 3987 quam
432 3905 535 3981 tetigit
553 3905 645 3963 etiam
666 3904 854 3965 Ritsehelius
875 3907 907 3964 in
926 3928 1007 3967 novo
1030 3927 1134 3983 museo
1157 3907 1259 3966 Rhen.
1281 3908 1327 3966 VI

207 4034 235 4092 p.
252 4021 303 4075 540
326 4010 396 4069 adn.
437 4009 500 4069 Sed
525 4010 583 4070 hoc
602 4019 670 4070 utut
691 4018 746 4084 est,
770 4031 830 4070 non
852 4014 964 4090 poterit
983 4013 1186 4092 porroNonio
1204 4021 1326 4073 auctore

207 4119 287 4179 tradi
315 4124 366 4178 uix
395 4118 485 4175 etiam
506 4118 536 4176 in
558 4123 652 4176 statim
673 4118 844 4196 particulae
866 4121 1022 4178 notionem
1048 4119 1169 4180 abiisse.
1213 4125 1328 4199 Pueros

208 4246 313 4285 servos
335 4223 396 4281 dici
416 4222 535 4283 Nonius
556 4225 661 4284 scribit
683 4243 712 4301 p·
735 4234 793 4298 153,
815 4235 846 4297 3,
875 4226 1095 4285 convenienter
1115 4224 1202 4287 iuxta
1225 4230 1326 4306 posito

207 4311 381 4391 ancillarum
406 4330 542 4389 nomini.
576 4330 722 4391 Conferre
750 4332 836 4390 iuvat
856 4333 979 4412 Horatii
1000 4340 1057 4391 sat.
1079 4333 1112 4392 Π
1133 4344 1164 4408 3,
1188 4343 1254 4398 130:
1282 4340 1325 4394 in-
