2760 4890
171 330 233 391 200
595 342 853 391 conrncrxnnx.

169 515 268 566 turam
290 503 446 562 Charisius
466 501 521 560 sub
542 521 602 559 uno
625 501 747 560 Trifalli
767 503 887 560 nomine
906 502 1044 561 laudavit
1065 525 1095 582 p.
1111 514 1147 566 80
1167 506 1286 585 Keil.);

170 615 307 672 Columna
341 610 476 666 Herculis
510 603 576 682 περὶ
605 599 707 683 δόξης;
749 611 861 667 Vinalia
897 604 964 684 περὶ
997 599 1189 685 ἄφροὸνσίων.
1236 612 1287 670 Ab

168 720 227 780 hac
255 737 328 776 vero
357 716 526 774 constantia
551 714 622 773 vide
649 715 711 773 iam
732 734 822 793 quam
844 717 951 793 paucis
974 716 1123 795 exemplis
1146 719 1286 778 nonnihil

170 825 338 886 discessum
366 823 419 880 sit:
451 809 696 896 Ἀνθρωοοόωολις
730 814 798 898 περὶ
827 820 1024 897 γενεθλιακῆς
1046 824 1147 882 sexies
1172 825 1284 884 citata:

169 930 264 991 semel
285 947 315 986 π.
333 947 391 1005 γεν.
417 925 623 1001 desideratum
643 914 812 1002 Ἑκατόμβη
833 922 900 1006 περὶ
917 925 1034 986 θυσιῶν
1056 931 1152 990 octies
1173 933 1283 992 citata:

146 1114 150 1121 ,
169 1038 264 1099 semel
279 1055 310 1119 a.
325 1034 444 1094 θυσιῶν
467 1034 674 1109 desideratum
698 1035 856 1108 Caprinum
867 1039 1011 1108 proelium
1029 1033 1096 1113 περὶ
1113 1025 1223 1114 ἡδονῆς
1238 1047 1285 1098 ter

169 1148 276 1205 citata:
302 1121 397 1203 semel
412 1158 440 1198 π.
458 1129 569 1227 ἡᾷονῆς
585 1139 783 1200 desideratur.
822 1140 951 1201 Saturae
971 1147 1025 1201 Est
1044 1147 1143 1202 modus
1157 1149 1285 1203 matulae

167 1248 234 1330 περὶ
256 1246 351 1326 μέθης
373 1267 483 1306 novem
504 1247 678 1306 testimonia
699 1254 817 1306 extant:
848 1246 944 1306 tribus
967 1250 1115 1328 exemplis
1133 1269 1165 1310 π.
1187 1247 1284 1327 μέθης

167 1350 311 1419 omissum
319 1379 325 1430 3
356 1355 389 1412 in
413 1373 472 1434 quo
503 1359 606 1411 tamen
631 1372 692 1410 non
714 1351 954 1433 neglegendum,
985 1355 1096 1415 cadere
1116 1376 1227 1416 manca
1247 1378 1284 1417 ea

166 1463 342 1524 testimonia
369 1461 400 1518 in
428 1478 519 1517 unum
541 1438 683 1536 idemque
705 1457 923 1534 fragmentum,
953 1480 1014 1520 nna
1036 1460 1206 1540 eademque
1228 1484 1282 1542 pa-

167 1573 239 1649 gina
258 1578 304 1628 ter
326 1569 461 1626 citatum.
509 1568 666 1638 Octoqessis
689 1559 756 1639 περὶ
777 1549 1147 1648 vopoopolruoquinquies
1171 1570 1281 1629 allata:

166 1677 265 1738 bisin
286 1674 394 1734 eodem
414 1673 584 1748 fragmento
605 1690 635 1728 π.
656 1688 721 1744 νομ.
743 1670 854 1729 omissa
882 1669 934 1749 (de
958 1672 1042 1732 cuius
1057 1682 1181 1735 saturae
1197 1660 1282 1735 testi-

166 1782 265 1842 monio
289 1779 370 1859 apud
385 1778 576 1839 Priscianum
594 1780 629 1834 de
646 1779 819 1837 nomismatis
834 1797 926 1856 supra
941 1777 1054 1837 dictum
1072 1779 1143 1859 est).
1179 1781 1282 1854 Addo,

167 1907 348 1968 quamquam
372 1886 452 1945 hanc
473 1904 537 1943 rem
557 1902 619 1944 non
642 1868 778 1960 attingit,
803 1885 930 1946 eandem
958 1896 1092 1947 saturam
1111 1911 1140 1969 p.
1164 1899 1226 1964 513,
1252 1900 1283 1953 16

165 1997 195 2053 in
221 1994 302 2052 bunc
323 1993 443 2051 modum
465 1977 565 2050 citari:
592 1993 721 2064 dolopes·
740 1994 786 2048 lib.
810 1989 915 2070 Ιπερὶ
938 1989 1146 2072 νομιομῶτωνε
1170 1997 1282 2076 inquo

167 2101 239 2181 quid
260 2101 371 2172 lateat,
402 2119 462 2157 non
491 2117 647 2177 assequor.
693 2098 835 2176 Denique
860 2085 958 2177 Εὗρεν
979 2091 998 2176 ἡ
1019 2091 1110 2174 londo
1135 2091 1168 2160 τὸ
1192 2102 1283 2179 πῶμα

166 2203 234 2284 περὶ
256 2195 467 2284 γεγαμηκότων
495 2214 542 2263 ter
569 2204 663 2263 allata
692 2201 776 2281 (vide
804 2207 977 2269 testimonia
1006 2231 1036 2289 p.
1067 2212 1151 2287 193):
1185 2210 1283 2269 semel

165 2314 308 2372 omissum
329 2308 538 2390 proverbium:
567 2317 610 2383 ut,
635 2332 702 2370 cum
723 2312 817 2371 semel
839 2322 955 2372 tantum
980 2317 1059 2374 inter
1074 2309 1118 2372 tot
1138 2317 1281 2395 exempla

164 2421 195 2478 in
216 2420 295 2477 hanc
313 2427 430 2496 partem
450 2425 610 2497 peccatum
627 2416 675 2490 sit,
700 2425 847 2495 appareat
862 2419 1037 2498 quantulum
1055 2416 1280 2498 probabilitatis

163 2525 276 2585 habeat
299 2523 394 2583 tribus
416 2524 507 2597 locis,
530 2523 583 2583 ubi
601 2519 669 2604 περὶ
691 2520 830 2600 αἱρέσεων
854 2525 976 2599 citatur,
999 2525 1202 2605 Sesquiulixis
1227 2549 1279 2586 no-

163 2653 233 2692 men
260 2632 428 2704 interiisse‚
457 2631 508 2690 vel
536 2633 637 2690 sexies
662 2629 775 2688 allatae
798 2640 920 2689 saturae
943 2627 1009 2709 περὶ
1031 2625 1178 2710 ἐξαγωγῆς
1200 2637 1279 2714 prio·

163 2757 226 2797 rem
252 2737 442 2816 partem'vel
467 2737 662 2816 neglegentia
688 2737 781 2795 Nonii
809 2738 860 2796 ve]
882 2736 986 2795 mutilo
1008 2738 1152 2799 librorum
1173 2740 1280 2801 habitu

163 2844 339 2904 desiderari.
390 2843 473 2902 Illud
501 2844 661 2902 levidense
692 2851 738 2902 est
765 2843 846 2922 quod
875 2850 996 2904 saturae
1027 2845 1182 2924 Τριοδίυγς
1211 2851 1280 2926 Τρι-

161 2941 264 3021 πόλιος
299 2945 365 3027 περὶ
393 2938 507 3027 ἀρετῆς,
531 2943 658 3026 κνήσεως
681 2950 842 3030 quinquies
870 2951 1015 3012 laudatae
1044 2953 1141 3012 semel
1166 2954 1280 3013 excidit

122 3083 130 3101 ⁴
160 3061 269 3134 trifolio
292 3059 430 3132 (trifilio):
452 3057 484 3116 id
506 3058 587 3138 quod
611 3066 808 3137 componatur
826 3079 892 3117 cum
910 3057 971 3117 illis
986 3053 1054 3136 περὶ
1068 3053 1281 3138 γεγαμηκότων

157 3166 355 3242 testimoniis,
379 3185 457 3243 quae
479 3166 689 3243 supraposui.
729 3167 918 3246 Itaqueiam
942 3174 1080 3245 apertum
1102 3175 1164 3240 est,
1189 3188 1280 3248 quam

160 3273 329 3352 paullulum
358 3269 450 3339 absit,
481 3277 513 3326 ut
534 3269 652 3330 Nonius
676 3275 707 3330 in
727 3273 764 3331 iis
788 3273 899 3346 titulis,
924 3293 1051 3353 quorum
1073 3281 1177 3352 partes
1201 3273 1279 3333 duae

159 3381 340 3441 testimoniis
378 3375 556 3452 exploratae
591 3378 674 3452 sunt}
714 3379 812 3440 ubivis
848 3379 1049 3438 constantiam
1082 3381 1120 3439 sit
1140 3390 1279 3441 secutus:

160 3506 343 3567 quamquam
370 3503 427 3560 ego
456 3502 517 3540 non
545 3483 570 3541 is
598 3506 680 3558 snm,
710 3487 762 3567 qui
785 3486 835 3547 vel
858 3506 957 3566 pauca
981 3506 1033 3560 ea,
1066 3489 1198 3567 quaein
1220 3488 1278 3547 hoc

159 3612 272 3670 genere
296 3590 409 3650 delicta
424 3598 504 3661 sunt,
528 3591 614 3649 unius
629 3591 722 3652 Nonii
740 3593 848 3672 cnlpae
867 3590 1045 3652 attribuam:
1066 3603 1169 3674 potest
1186 3617 1279 3656 unum

160 3699 328 3759 alterumve
353 3696 573 3774 descriptorum
596 3698 668 3756 vitio
688 3700 738 3757 vel
762 3701 912 3758 communi
927 3676 1073 3759 librorum
1089 3701 1212 3762 fortuna
1230 3725 1277 3763 or-

158 3814 222 3864 tum
251 3823 327 3862 esse.
372 3801 464 3859 Nonii
486 3801 608 3880 quidem
630 3805 724 3883 ipsius
749 3824 822 3864 cura
844 3806 945 3884 potius
968 3804 1058 3885 quam
1078 3791 1196 3867 incuria
1218 3830 1278 3889 quo

157 3911 343 3986 illustretur,
372 3927 432 3965 non
460 3928 532 3966 casu
555 3909 704 3968 accidisse
723 3919 806 3989 puto,
831 3910 911 3990 quod
934 3931 1002 3970 cum
1020 3916 1152 3986 periples
1174 3917 1221 3973 lib.
1245 3919 1282 3974 ΙΙ

159 4017 254 4078 tribus
279 4017 355 4074 loeis
386 4013 462 4090 (non
492 4015 629 4094 pluribus
658 4014 780 4094 citatur)
803 4018 914 4077 ‘'addito
942 4016 1009 4097 περὶ
1033 4017 1212 4094 φιλοσοφίας
1231 4023 1276 4080 af·
1375 4051 1379 4060 ·

157 4121 283 4192 feratur,
309 4117 446 4178 eiusdem
462 4128 581 4197 periplo
603 4127 649 4182 lib.
673 4127 692 4182 Ι
710 4126 784 4184 item
805 4124 901 4184 tribus
922 4126 1191 4200 testimoniissine
1212 4128 1277 4187 ullo

158 4224 365 4285 additamento
396 4224 547 4289 laudetur.
598 4230 640 4288 Ut
673 4230 745 4288 mibi
775 4232 897 4310 quidem
929 4254 1032 4293 earum
1058 4235 1275 4309 opinationum,

158 4351 233 4410 quas
259 4330 446 4391 Ritschelius
478 4331 515 4392 de
545 4324 590 4393 ea*
606 4344 708 4394 satura
730 4337 856 4415 protulit
877 4337 914 4397 de
938 4338 1057 4417 discipl.
1081 4329 1166 4400 libris
1187 4361 1217 4419 p.
1242 4354 1275 4405 15
