2760 4890
502 347 759 398 commortuus.
1145 338 1185 399 77

70 506 122 583 qui
151 524 191 563 ne
219 504 271 564 hic
297 504 420 585 quidem
440 505 578 566 violenta
598 507 722 567 -medele
744 507 903 580 abstinuit,
934 507 1020 566 iliam
1037 510 1187 589 refingere

70 610 256 670 sententium
276 611 445 688 contigerit.
491 612 573 689 Ergo
595 612 667 672 vide
689 614 761 672 mihi
783 616 909 694 primurn
930 616 1023 675 hoec:
1046 636 1138 691 quare
1162 622 1189 676 si

69 720 147 774 mum
167 734 263 791 penus
283 725 326 775 est
346 720 385 776 ad
405 721 540 775 amussim
560 719 626 777 sive
644 721 740 779 mavis
763 725 857 780 divum
878 740 966 797 pens:
993 732 1100 783 neutra
1120 743 1184 783 cor·

69 824 176 897 rectio,
200 844 328 903 quarum
349 823 405 883 ille¹
422 823 567 883 Palmerii
587 835 649 896 est,
669 828 712 885 ite
729 847 747 885 a
765 827 850 887 libris
867 828 998 888 discedit
1015 825 1076 906 (diu
1093 836 1186 906 pens),

69 940 100 989 ut
119 930 174 991 vel
201 932 399 991 excuset-ione
420 930 567 1007 indigeat.
612 932 660 991 Αο
682 933 771 1005 licet,
795 935 821 992 si
841 936 917 993 tanti
942 943 1005 1008 est,
1028 944 1187 1016 utromque

70 1038 257 1098 locutionem
275 1037 388 1099 Catulli
412 1036 559 1115 exemplis
582 1037 716 1098 firmare:
750 1039 856 1101 LXIV
877 1049 912 1104 23
936 1042 1049 1100 Herses
1070 1044 1185 1113 salvete,

47 1170 51 1177 ·
69 1149 150 1203 deum
164 1162 267 1220 penus,
284 1164 300 1201 ο
315 1147 389 1202 bona
405 1152 505 1213 mater,
522 1151 552 1200 et
567 1143 649 1221 epud
664 1145 860 1224 interpretem
873 1147 1002 1224 Vergilii
1015 1147 1128 1207 Veron.
1147 1147 1186 1206 sd

71 1249 148 1309 Aen.
171 1250 204 1311 V
224 1260 261 1313 80
279 1252 395 1319 salvete,
416 1251 499 1307 deum
520 1266 598 1324 pens,
622 1269 638 1307 ο
659 1254 732 1309 bona
752 1261 875 1310 matrum
893 1257 1057 1328 propenies.
1102 1254 1184 1312 Neu-

72 1356 334 1415 ciscimur.cutem
354 1353 418 1413 illis
438 1353 550 1413 bonum
569 1354 778 1415 hexametrum
801 1359 901 1436 cupite
923 1368 1111 1418 truncatum:

224 1537 230 1548 .
257 1536 263 1549 .
287 1507 377 1564 quare
398 1494 424 1548 si
445 1493 521 1548 dium
542 1508 633 1565 penus
654 1501 697 1550 est
717 1497 757 1551 od
774 1499 918 1553 amussim.

71 1646 278 1726 Eiusdemque
298 1649 386 1707 metri
408 1650 543 1727 speciem
560 1636 683 1726 praese
699 1650 800 1709 ferunt
814 1651 891 1711 heec
908 1672 986 1731 quae
1001 1661 1184 1731 sequuntur:

223 1829 230 1841 .
250 1801 308 1858 per
329 1801 372 1842 me
393 1787 458 1844 licet
475 1787 619 1842 adsumas.

71 1920 213 1980 Proxima
234 1928 315 1977 teneo
338 1915 441 1976 dsuuov
460 1918 563 1996 paullo
584 1921 754 2005 graviorem
769 1921 871 1980 labem
885 1931 1056 1981 traxerunt:
1081 1943 1184 2003 quarn-

71 2046 159 2105 qusm
179 2027 213 2085 in
234 2033 315 2083 tenco
336 2024 433 2084 latere
448 2035 567 2083 stemma
586 2027 698 2084 nemini
714 2026 872 2104 Roeperus
888 2026 1093 2105 persuadebit.
1124 2029 1183 2086 Re-

43 2119 47 2129 ’
70 2152 145 2211 pono
169 2129 360 2190 confidenter
376 2127 476 2208 γένεος
495 2131 555 2190 Δία
577 2119 676 2192 αὐτόν.
713 2132 805 2191 Νοιιίἰ
826 2132 935 2190 iniuria.
956 2132 1080 2204 factum,
1104 2132 1185 2210 quod

70 2256 179 2296 nomen
206 2235 288 2296 unde
316 2236 450 2316 pendeat
479 2239 640 2323 genetivus
666 2233 765 2315 γένεος
793 2236 999 2296 desideratur:
1032 2256 1093 2294 non
1115 2257 1184 2296 rara

70 2342 143 2403 haec
171 2344 203 2402 in
230 2343 331 2402 Nonio
357 2343 529 2417 festinatio,
555 2364 646 2426 quom
666 2363 787 2423 possum
810 2345 911 2404 multis
936 2341 1083 2421 exemplis
1100 2341 1183 2400 iilus-

71 2457 158 2533 nure.
204 2448 256 2508 Ad
285 2450 485 2529 supplendam
513 2451 694 2509 sententiam
717 2470 776 2508 non
797 2451 981 2509 commodius
1002 2447 1185 2507 vocabulum

70 2555 189 2615 invenio
218 2555 291 2613 hoc:
325 2547 461 2634 ἀρχηγός.
512 2557 563 2616 Sic
592 2556 746 2615 Isocrates
774 2557 805 2615 in
827 2555 985 2635 Philippo,
1014 2577 1057 2616 or.
1079 2568 1110 2628 5,
1134 2565 1183 2619 32:

73 2658 199 2736 Θηβαῖοι
224 2655 256 2718 δὲ
278 2650 329 2719 τὸν
352 2650 482 2742 ἀρχηγὸν
503 2661 556 2722 τοῦ
580 2659 684 2739 γένους
704 2651 790 2738 ὑμῶν
812 2661 925 2738 τιμῶσι.
960 2665 1069 2744 Itaque
1084 2663 1185 2742 prodit

71 2766 146 2827 alter
174 2767 331 2842 heroicus,
360 2772 407 2829 cui
434 2771 519 2829 initio
544 2790 605 2828 una
625 2767 747 2847 syliaba
772 2767 874 2841 deest,
903 2789 994 2848 quam
1015 2772 1184 2848 praemissa

21 2934 25 2943 ,
69 2877 115 2946 pot
134 2874 289 2953 particule
310 2875 439 2953 refingo:

221 3056 227 3067 .
252 3056 258 3068 .
281 3030 372 3085 quare
392 3017 419 3071 si
439 3017 516 3073 dium
539 3030 629 3088 φονον
651 3021 693 3070 est
714 3014 753 3069 ud
778 3015 922 3081 amussim,

220 3115 299 3194 [Pol]
320 3136 376 3191 per
394 3137 438 3178 me
459 3124 523 3180 licet
547 3123 684 3177 ctdsumos
704 3113 803 3196 γένεος
829 3117 887 3176 Δία
908 3105 999 3174 αὐτόν

219 3208 399 3319 [Ἀρχηγόν].

69 3360 118 3416 Pol
136 3357 290 3437 particula
310 3359 383 3419 licet
401 3362 532 3420 maxime
554 3362 735 3420 comicorum
758 3380 815 3419 usu
837 3359 1056 3437 frequentetur,
1081 3365 1182 3416 tamen

69 3463 135 3523 hinc
152 3484 214 3523 non
236 3464 345 3539 aliena,
369 3485 430 3545 que
447 3468 538 3535 etiem
559 3467 706 3525 Horatius
729 3467 822 3525 utitur
843 3466 873 3523 in
896 3463 1033 3543 epistulis
1054 3464 1071 3521 Ι
1089 3472 1115 3536 7,
1137 3473 1182 3528 92.

68 3570 145 3643 112,
172 3579 230 3633 138.
257 3580 337 3647 teneo
360 3572 443 3651 quod
468 3575 582 3633 mutavi
608 3574 639 3643 in
672 3591 783 3638 russos,
812 3549 942 3650 proclivi
971 3587 1072 3627 errore
1092 3570 1181 3655 nitor,

69 3678 151 3751 cuius
181 3678 243 3737 aliu
270 3679 411 3757 exempla
437 3680 469 3738 in
497 3687 637 3758 promptu
667 3684 751 3748 sunt,
784 3675 870 3734 velut
901 3689 1100 3751 τομησιονοον
1126 3698 1181 3756 pro

66 3777 206 3860 γαμήσεις
230 3784 305 3840 νοῦν
335 3804 365 3862 p,
392 3793 440 3847 128
469 3782 558 3845 Oehl.
588 3784 774 3861 νενεολιοκης
802 3803 856 3861 pro
884 3781 1080 3859 νενεθλιακῆς
1101 3783 1181 3849 Nou.

17 3956 21 3963 ,
65 3900 235 3968 p.5t)4,10.
265 3888 339 3948 Alia
358 3890 521 3969 proferam,
545 3908 612 3949 cum
633 3889 671 3948 de
694 3888 795 3948 indice
812 3896 934 3948 saturae
951 3895 1045 3945 Annos
1066 3897 1182 3948 Merene

66 4002 134 4053 lIrsr
162 4004 340 4053 miserrmus
380 3994 488 4057 dicant.
553 3999 619 4057 Neo
656 3996 714 4055 Δία
742 3985 834 4055 αὐτόν
868 3993 1015 4074 (dromon)
1050 3997 1130 4076 quod
1165 4018 1181 4054 e

67 4099 169 4161 διοκον
202 4101 347 4161 librorum
382 4101 488 4174 elicui,
519 4103 765 4182 probabilitatem
794 4102 930 4161 excedit.
976 4103 1102 4160 Hiatum
1130 4103 1181 4179 qui

65 4216 110 4267 est
146 4209 179 4266 in
215 4209 321 4286 quinte
354 4207 428 4265 sede
463 4229 569 4268 versus
605 4211 735 4268 offerunt.
769 4210 896 4268 Homeri
924 4209 1063 4287 exempla
1099 4203 1182 4285 (κλέα

63 4301 215 4391 ἆνδρῶν);
245 4315 285 4373 cf.
315 4314 506 4392 Spitznerunr
533 4314 572 4372 de
598 4334 690 4388 uersu
721 4314 843 4373 heroico
872 4337 902 4394 p.
928 4325 990 4403 146:
1020 4334 1078 4372 nec
1100 4312 1181 4391 quod
