2760 4890
141 335 200 396 170
567 343 820 393 comacinam.

132 505 218 564 Festi
241 525 270 582 p.
294 512 346 564 220
366 500 436 579 Μ.),
460 523 520 582 quo
543 502 688 571 Horatius
709 503 804 562 utitur
826 504 858 562 in
881 503 1051 583 epistulisI
1068 514 1094 577 5,
1110 513 1142 566 31
1166 508 1254 562 rebus

133 615 243 670 omissis
265 613 348 668 Atria
369 617 530 667 scraautcm
550 615 659 681 postico
679 611 752 685 falle
772 616 920 670 clientem·
948 608 999 669 Sic
1023 612 1159 690 corporis
1181 631 1252 691 par-

132 727 179 777 tes
204 736 271 775 cum
297 715 433 795 partibus
461 713 581 773 aedium
609 715 706 774 Varro
729 717 761 776 in
783 723 940 804 Murranum
965 716 1001 774 fr.
1025 726 1043 779 4
1073 720 1252 797 composuit,

132 818 237 883 seusus
250 832 365 896 portae,
387 839 476 880 aalma
497 825 700 896 leydrapapiaa
720 827 819 882 cloaca
840 827 973 882 intestini.
1001 823 1051 883 De
1067 826 1153 883 exitu
1170 824 1251 902 frag-

132 930 227 989 menti
245 927 317 987 vide
336 928 565 987 Lachmannum
582 926 620 984 ad
636 928 774 989 Lucretii
792 930 840 988 ΙΙΙ
860 938 912 992 906
926 948 956 1007 p.
973 939 1021 992 191
1040 938 1071 989 et
1083 931 1127 989 M.
1143 931 1251 1008 Haup-

132 1038 207 1095 tium
230 1033 268 1094 de
290 1033 454 1112 Calpurnio
478 1041 508 1093 ct
525 1034 708 1093 Nemesiano
726 1055 755 1113 p.
773 1046 807 1100 33
822 1056 866 1116 sq.
894 1038 1018 1112 Versus,
1043 1038 1096 1116 qui
1114 1038 1254 1095 inessent

132 1142 215 1200 infr.
234 1152 274 1214 ll,
298 1138 533 1200 cum-Oehlerus
555 1140 772 1200 ‘restituendos
794 1142 863 1202 aliis
881 1143 1065 1222 reliquerit’,
1087 1162 1170 1221 pone
1185 1146 1252 1200 reti-

133 1259 180 1309 act
198 1250 309 1308 inserto
333 1254 361 1304 ct
380 1245 487 1306 videor
509 1247 581 1327 mihi
594 1267 650 1326 par
665 1247 859 1324 pulchrorum
875 1247 1077 1309 Sotadeorum
1093 1248 1250 1307 nancisci:

285 1357 353 1412 Cam
375 1371 487 1410 samara
509 1355 656 1426 cae'pissct,
679 1358 810 1428 uoluptas
834 1357 980 1427 ratiae'rct,

220 1482 229 1503 r
270 1460 325 1516 Et
341 1479 406 1518 cum
422 1467 473 1516 ‘sat
493 1461 620 1529 lrabc'rct,
643 1460 734 1518 satias
755 1481 870 1520 manum
893 1466 928 1520 da
948 1463 1048 1521 measa

288 1568 417 1624 Ta'ileret.

133 1673 197 1736 Sed
217 1674 315 1732 missis
337 1672 404 1730 aliis
413 1673 433 1744 ,‘
448 1692 528 1751 quae
552 1671 589 1732 de
610 1672 668 1731 hac
691 1681 794 1732 satura
815 1673 967 1734 monenda
989 1673 1157 1756 aliquando
1179 1693 1250 1752 sup·

131 1787 239 1859 petant
264 1779 366 1858 plura,
396 1785 429 1836 ut
456 1777 581 1838 redeam
606 1779 695 1856 illuc,
723 1781 892 1842 Varronem
922 1781 1120 1860 etragoedia
1137 1800 1251 1858 graeca

126 1881 356 1966 ‘nonnumquam
376 1886 496 1946 colores
519 1885 658 1963 duxisse,
681 1910 770 1967 porro
793 1890 949 1967 inscriptio
971 1897 1093 1948 saturae
1116 1897 1250 1945 Annorum

64 2035 70 2044 =
133 2004 248 2054 iunicum
271 1991 384 2052 indicio
410 2000 471 2067 est,
503 1994 588 2052 cuins
615 1996 652 2054 fr.
677 2006 693 2058 2
715 1997 816 2074 arguit
836 1997 875 2055 ad
897 1994 1125 2076 depingendum
1148 1997 1249 2072 ‘prae-

131 2104 279 2163 clarorum
303 2098 568 2202 philosopdrorum'
590 2103 695 2162 nescio
714 2101 974 2182 quod.certamen
994 2121 1123 2162 scaenas
1140 2098 1182 2161 ex'
1195 2102 1251 2161 illa

133 2208 333 2270 celeberrima
361 2198 462 2264 ὅπλων
489 2205 584 2284 κρίσει
610 2216 672 2267 tam
694 2210 812 2286 graecis
843 2228 933 2289 quam
959 2209 1092 2267 romanis
1121 2209 1249 2286 tragicis

130 2322 261 2374 tractata
282 2313 395 2391 petitas
419 2332 495 2373 esse.
539 2314 607 2373 Nec
629 2315 760 2375 absimili
781 2334 896 2392 genere
919 2313 1060 2374 videntur
1081 2322 1149 2372 Anx
1169 2321 1249 2372 srm-

130 2444 282 2493 unurrems,
309 2428 443 2479 Hnacunas
466 2428 636 2491 Samariam,
665 2431 847 2481 Percussurus
869 2423 1028 2482 contineri.
1071 2422 1188 2483 Verum
1210 2420 1249 2482 de

129 2545 306 2592 Euussmmns
325 2549 386 2589 non
410 2537 456 2588 est
480 2529 561 2610 quod
580 2533 611 2591 in
628 2533 710 2593 tituli
725 2531 837 2592 indicio
854 2539 885 2591 et
899 2531 1020 2590 illorum
1038 2529 1249 2608 exemplorum

130 2638 333 2715 similitudine¹
362 2636 576 2698 subsistamus:
610 2642 699 2699 immo
735 2646 841 2699 extant
875 2638 954 2696 inter
982 2636 1130 2716 reliquias
1164 2639 1248 2716 ipsas

129 2746 261 2822 vestigia
283 2741 449 2823 quaedam,
474 2763 553 2822 quae
577 2766 632 2805 nos
656 2745 696 2804 ad
718 2763 849 2823 graecae
872 2740 1050 2820 tragoediae
1072 2744 1248 2823 exemplum

73 2901 78 2911 ,
131 2850 295 2912 deducunt.
339 2852 410 2911 Non
429 2850 506 2910 illud
529 2852 606 2927 dico,
628 2851 711 2931 quod
733 2853 848 2930 aliquot
866 2849 1038 2926 fragmenta
1059 2870 1121 2908 non
1141 2852 1247 2931 plures

130 2961 267 3032 insanos,
295 2958 348 3037 qui
367 2958 426 3017 visi
448 2948 519 3018 sunt
538 2958 707 3029 nonnulliS,
731 2959 786 3018 sed
808 2977 900 3016 unum
923 2955 1057 3034 aliquem
1078 2956 1183 3018 furore
1212 2978 1247 3020 ae

130 3065 257 3124 vesania
279 3064 426 3141 agitatum
447 3067 584 3126 referunt
607 3065 674 3143 (frr.
696 3074 732 3129 43
753 3074 783 3125 et
804 3063 866 3144 44):
892 3082 1075 3144 quamquam
1096 3051 1142 3124 ne
1157 3066 1247 3125 huius

130 3169 253 3251 quidem
277 3170 322 3228 rei
348 3171 464 3230 nullum
493 3192 561 3232 esse
589 3170 628 3230 ad
658 3173 736 3231 hanc
756 3174 967 3252 quaestionem
986 3177 1171 3230 momentum
1194 3192 1245 3252 ap·

128 3277 258 3359 parebit.
290 3277 477 3356 Expressius
495 3279 658 3355 vestigium
672 3276 749 3336 illud
766 3287 820 3353 est,
844 3276 926 3357 quod
943 3277 974 3335 in
992 3275 1029 3334 fr.
1045 3283 1080 3339 43
1096 3296 1245 3354 agnosco:

128 3392 229 3462 vulqus
257 3389 389 3460 confluit,
418 3406 474 3445 uon
498 3390 673 3456 Furiarum,
701 3389 752 3443 aad
776 3364 937 3460 puerorum
958 3394 1043 3460 alque
1062 3388 1245 3458 ancillarum,

128 3499 204 3570 qai.
228 3539 233 3552 .
259 3539 265 3550 .
291 3496 450 3566 opinionem
470 3496 544 3550 milri
559 3496 690 3551 insaniae
712 3511 792 3552 moue
813 3482 993 3567 confirmant.
1025 3489 1147 3571 Nempe
1163 3491 1246 3574 quod

129 3600 202 3660 dicit
221 3621 278 3659 aaa
296 3603 465 3669 Furiarum,
489 3600 565 3658 licet
584 3599 745 3657 Furiarum
767 3601 879 3658 mentio
904 3600 995 3658 etiam
1016 3597 1053 3656 fr.
1076 3605 1109 3660 45
1130 3598 1245 3659 habea-

127 3717 191 3782 tur,
219 3729 280 3768 non
306 3704 428 3766 videtur
463 3703 648 3765 commodius
678 3692 763 3764 suam
785 3704 899 3764 habere
919 3704 1083 3778 rationem,
1107 3707 1245 3783 quamsi

127 3816 208 3874 hunc
230 3814 455 3874 Varroniannm
485 3812 631 3871 furiosum
657 3819 773 3872 statuas
802 3812 843 3871 ad
870 3813 971 3871 Furiis
994 3810 1102 3888 agitati
1126 3808 1245 3871 Orestis

127 3919 355 3980 similitudinem
377 3918 510 3977 effictum
533 3937 614 3978 esse:
638 3938 695 3978 aon
716 3922 883 3990 Furiarum,
903 3921 1139 3994 quemadmodum
1160 3922 1245 3978 Ores·

127 4039 196 4098 lem,
227 4031 277 4085 aad
298 4043 460 4099 puerorum
490 4030 591 4101 uulgus
618 4044 662 4085 ma
690 4031 835 4102 cingebat:
874 4026 941 4085 lere
966 4034 999 4084 ut
1029 4024 1245 4105 Sesquiulixes

126 4132 335 4194 Varronianus
357 4132 389 4190 in
412 4134 583 4210 cognomini
605 4141 708 4192 satura
730 4134 830 4192 vereri
852 4153 885 4192 se
908 4130 1026 4206 aiebat,
1052 4152 1092 4191 ne
1114 4151 1148 4191 se
1169 4153 1243 4212 quo·

128 4262 187 4325 que
211 4239 370 4314 reducem,
400 4237 652 4318 quemadmodum
675 4236 800 4298 Ulixem
821 4239 962 4314 Homeri,
988 4246 1112 4318 praeter
1136 4259 1246 4329 canem

128 4354 292 4428 cognoscat
312 4365 411 4406 nemo.
456 4345 503 4406 Of.
521 4365 550 4424 p.
571 4353 632 4433 1⁰²:
675 4345 886 4426 Eiusdemque
908 4345 1026 4407 Orestis
1047 4365 1154 4427 quem,
1177 4366 1246 4406 cnm
