2760 4890
564 306 823 356 conmortuus.
869 338 874 345 .
1187 293 1248 355 225

137 467 248 546 ecquid
279 475 375 540 esset,
405 487 464 546 quo
489 488 555 525 eam
585 456 762 525 excusarem
789 464 953 524 licentiam.
996 465 1086 525 Nunc
1111 475 1250 525 neutrum

137 594 241 633 eorum
260 574 303 632 sic
324 575 365 632 uti
389 573 497 652 scripsi
524 573 597 631 ferri
616 591 707 651 posse
729 571 801 629 mihi
823 570 1003 650 persuadeo.
1047 571 1152 653 Atque
1173 574 1249 632 illud

136 682 337 756 fragmentum
356 679 426 738 dum
443 679 588 738 attentius
607 677 777 752 considero,
798 697 837 735 ne
853 681 1010 750 scriptores
1025 678 1147 758 quidem
1166 688 1250 738 recte

136 788 178 845 ibi
204 787 266 863 logi
291 788 445 859 existimo,
477 788 653 867 inquorum
674 783 857 841 locumtam
879 783 1066 845 concinnitas
1088 787 1250 864 fragmenti

134 914 226 974 quam
248 901 370 951 saturae
393 901 602 971 argumentum
624 897 755 949 oratores
775 891 876 968 potius
895 891 1014 950 restitui
1035 892 1156 952 suadet:

641 1029 687 1083 itte
708 1029 768 1083 oles
786 1026 882 1100 ycitlus

288 1136 344 1204 Qui
363 1137 520 1192 suscitabat
539 1126 707 1193 'Atticorum
729 1134 877 1190 musarum
899 1135 1031 1191 orato'rcs

286 1243 330 1298 An
352 1242 400 1299 tric
420 1245 472 1314 qui
492 1242 662 1298 rotulorum
683 1251 817 1315 prepem?

135 1377 203 1455 Quo
231 1377 328 1434 minus
350 1375 469 1449 dubito,
498 1374 571 1456 quin
596 1377 691 1434 etiam
707 1376 836 1435 alterum
856 1374 931 1436 illud
955 1377 1126 1455 exemplum
1148 1397 1247 1436 emen-

135 1482 235 1542 dando
256 1483 321 1541 tolli
343 1481 468 1540 debeat:
498 1482 530 1540 id
548 1480 630 1561 quod
652 1481 802 1561 quomodo
824 1489 908 1540 recte
930 1482 999 1553 fiat,
1021 1483 1155 1542 nondum
1176 1486 1248 1543 mihi

134 1598 263 1648 constat.
308 1587 451 1666 Exempli
472 1589 571 1664 gratia
589 1584 740 1665 propono:

284 1726 379 1782 Novis
399 1728 520 1781 moritus
542 1725 676 1782 incitatus
699 1726 790 1781 tanim
812 1725 900 1781 rixari
921 1723 1071 1782 esctoe'bat

285 1831 443 1905 Cinpitlum.

218 1967 406 2046 Septenariis
429 1966 608 2038 trochaicis,
637 1965 744 2045 quibus
764 1987 794 2045 p.
810 1974 863 2027 218
884 1971 1069 2023 Mrsruaronou
1098 1968 1135 2027 fr.
1153 1978 1170 2032 6
1193 1969 1245 2029 de-

132 2073 257 2151 scripsi,
285 2074 389 2131 nescio
409 2062 457 2130 an’
472 2072 665 2151 praeferendi
688 2073 748 2130 sint
770 2073 806 2146 ii,
834 2091 910 2150 quos
930 2074 1019 2134 modo
1041 2074 1114 2134 mihi
1135 2076 1246 2136 Fleck-

132 2180 252 2239 eisenus
277 2178 407 2251 indicat,
431 2178 579 2238 octonarii
599 2176 741 2236 iambici:

711 2318 817 2389 inquit,
839 2317 918 2385 istro,
940 2320 991 2374 clos
1014 2319 1161 2390 ofc'mino

288 2421 322 2477 Ut
343 2419 508 2492 asseratur.
535 2424 611 2494 qucre'
624 2425 694 2480 mitri
709 2430 863 2496 postquam
881 2422 986 2480 dictast
1000 2427 1040 2481 ad
1053 2428 1244 2488 concordium.

130 2556 263 2614 Tantum
287 2561 342 2612 est.

214 2688 336 2748 Dabam
376 2691 517 2770 Friburgi
559 2693 788 2772 Brisigavorum
825 2694 875 2754 die
914 2694 1009 2756 XXV
1041 2717 1079 2793 m.
1115 2699 1179 2759 Mai
1216 2723 1244 2762 a.

129 2794 392 2856 MDCOOLVIII.
973 2807 976 2813 ’

175 4388 308 4453 Vsncan,
325 4382 410 4439 'Gonu
423 4405 453 4440 nr
465 4391 555 4442 Vana.
570 4406 630 4444 stc.
