2760 4890
130 327 170 391 98
563 342 815 392 conuersum.

129 500 291 573 ‘compones
324 501 495 575 comptem,
527 506 654 576 qreoniom
683 468 893 582 [qrtnmquom‘t]
923 506 1089 580 ‘compopo'
1123 522 1247 580 accorpo-

128 616 182 663 tnm
202 615 250 665 est.
292 605 493 681 ‘compopinis’
519 613 589 664 enim
616 625 693 665 nemo
717 612 827 682 penitas
855 612 926 666 (licit.
974 611 1085 667 Ooitttos
1103 619 1195 670 tamea
1221 617 1250 670 in

123 719 218 788 primo
254 715 506 787 metamorphoseon
536 709 609 792 [711]
642 717 696 770 ott.-
739 713 846 788 ‘Atquo
873 720 910 772 ito
941 718 1100 790 disparibus
1133 720 1251 774 catomis

129 825 288 895 compagine
307 823 424 877 ceroe':
446 841 463 875 o
480 825 602 893 peraetioo
624 819 832 894 ‘compopinis'.
877 819 939 880 Sed
957 820 1064 880 eadem
1086 822 1184 880 fonna
1202 824 1250 881 usi

130 936 199 986 sunt
221 928 313 986 etiam
336 922 495 996 Manilius,
517 922 651 996 Plinius,
674 925 742 997 alii,
764 935 798 983 ut
821 945 887 984 cum
907 927 1003 986 semol
1024 946 1132 1005 parum
1161 948 1250 988 accu-

128 1044 193 1093 rate
216 1035 342 1095 Servius
363 1029 483 1087 locutus
505 1027 661 1104 videatur,
689 1031 817 1091 fortasse
840 1051 880 1091 nc
903 1031 941 1092 de
964 1032 1103 1092 Varrone
1125 1033 1250 1113 quidem

130 1139 262 1198 dubitari
279 1137 400 1196 debeat.
446 1135 564 1214 Quodsi
582 1147 683 1196 tamen
700 1158 761 1195 non
780 1138 853 1196 licet
870 1139 1051 1198 recentioris
1072 1148 1165 1199 notae
1187 1141 1250 1199 for-

129 1266 207 1304 mam
236 1247 265 1304 in
297 1247 464 1306 Varronem
486 1244 615 1313 inferre,
646 1244 745 1323 possis
773 1242 940 1302 secundum
961 1250 1157 1319 propapminis
1185 1246 1249 1304 En·

128 1353 213 1410 niani
235 1351 406 1428 analogiam
424 1350 461 1409 tle
476 1354 672 1426 compoomints
689 1349 833 1428 genetivo
850 1350 994 1427 cogitare.
1017 1349 1105 1410 Illius
1124 1351 1251 1433 quidem

130 1458 214 1517 vocis
238 1467 366 1537 utraque
391 1456 485 1515 forma
509 1465 539 1515 et
556 1472 699 1530 propoyes
722 1464 752 1513 et
768 1474 898 1531 propono
921 1477 989 1517 cum
1010 1459 1072 1518 suis
1093 1460 1249 1536 genetivis

130 1571 191 1622 tam
214 1564 346 1642 antiquis
370 1583 460 1642 quam
483 1557 702 1621 recentioribus
726 1563 756 1620 in
776 1581 833 1620 usu
856 1562 922 1622 tuit.

80 1657 82 1661 ’
215 1667 322 1728 Redeo
344 1667 433 1740 illuc,
457 1666 539 1748 quod
562 1665 749 1726 diversarum
771 1678 892 1728 saturae
913 1670 1045 1750 partium
1063 1672 1181 1732 nullum
1206 1672 1250 1732 di·

132 1765 277 1855 spiciatur
303 1773 475 1832 vinculum:
504 1793 574 1831 nam
597 1781 689 1832 tenue
720 1781 847 1832 estnec
875 1794 1020 1836 summam
1049 1780 1096 1838 rei
1121 1780 1249 1840 multum

131 1880 257 1939 adiuvat
275 1880 331 1937 hoc
355 1877 436 1958 quod
456 1880 486 1938 in
507 1878 542 1938 fr.
567 1889 597 1942 ll
622 1899 754 1957 agnosco
776 1880 952 1957 vestigium:

215 2018 304 2075 Prodat
330 2033 372 2073 me
401 2021 440 2074 toi
466 2023 492 2072 et
517 2016 663 2074 Musarum
694 2058 702 2074 .
731 2058 738 2072 .
767 2033 934 2090 conoscere:
971 2023 1047 2094 pipat
1078 2039 1198 2080 currere
1226 2031 1252 2080 et

215 2143 273 2182 uno
294 2125 376 2196 sequi.

131 2261 287 2318 Lacunam
310 2257 496 2334 significavi,
519 2275 610 2336 quam
629 2255 760 2315 suadere
782 2259 932 2318 enuntiati
951 2268 1102 2320 structura
1119 2262 1250 2323 videtur.

132 2364 285 2444 Suppleri,
309 2383 369 2442 quo
390 2363 577 2439 significetur
599 2362 762 2437 sententia,
786 2362 862 2422 haec
883 2375 1024 2442 possunt:
1043 2371 1134 2440 pudet
1153 2387 1197 2427 me
1212 2373 1251 2428 toi

131 2484 157 2530 et
176 2474 342 2534 Musorooz;
366 2465 449 2548 [dolet
467 2473 537 2526 enim
559 2486 648 2526 meam
670 2454 814 2548 amasiam]
839 2489 1006 2545 conoscere:
1022 2479 1101 2548 pipat
1120 2494 1146 2534 e.
1171 2496 1200 2556 q.
1225 2497 1249 2535 s.

132 2580 251 2658 Nempe
269 2577 347 2634 hacc
370 2573 407 2631 ab
431 2593 465 2631 co
486 2572 568 2631 dicta
587 2593 654 2633 esse
677 2572 839 2652 opinabar,
866 2577 918 2654 qui
941 2579 1067 2637 necilli
1095 2579 1134 2640 de
1163 2583 1250 2660 poesi

132 2704 167 2743 ac
187 2684 303 2742 musica
325 2679 523 2757 disputationi
545 2681 709 2751 interesse,
732 2700 790 2739 nec
812 2700 878 2739 cum
897 2682 1103 2744 involantibus
1126 2687 1193 2746 istis
1210 2687 1251 2746 ad

132 2788 299 2848 certamina
314 2786 345 2844 in
361 2786 469 2844 silvam
483 2785 534 2843 vel
550 2787 707 2844 venationi
719 2807 840 2864 operam
857 2788 1040 2848 navantibus
1051 2812 1113 2850 uua
1128 2813 1250 2853 currere

131 2889 244 2972 cupiat.
282 2893 311 2951 A
333 2912 402 2971 quc,
426 2912 494 2950 curn
507 2901 569 2950 tam
589 2891 842 2950 turbulentiorum
864 2895 1052 2974 voluptatum
1073 2917 1164 2975 quam
1183 2900 1250 2958 Mu-

132 3021 231 3060 sarum
257 2996 433 3057 fastidiosus
452 2997 504 3070 sit,
527 3017 589 3056 non
608 2996 726 3056 alicnus
746 2998 886 3058 videatur
899 3000 1001 3060 lentus
1017 3003 1150 3063 niicandi
1173 3006 1204 3064 h.
1222 3018 1266 3064 es

132 3106 235 3183 digitis
257 3103 404 3163 sortiendi
425 3103 524 3178 lusus,
549 3124 640 3182 quem
663 3105 699 3165 fr.
724 3116 757 3166 10
775 3105 888 3167 refert:

215 3243 378 3298 Miconctom
398 3243 451 3297 orit
468 3257 530 3297 cum
553 3242 679 3312 Graeco,
708 3249 799 3298 utrum
822 3259 869 3317 epo
887 3246 959 3300 illius
977 3261 1123 3303 coemeram
1144 3267 1182 3304 ort
1205 3252 1251 3306 illo

216 3365 303 3404 meum
326 3353 468 3420 sequatur.

131 3486 167 3542 In
190 3504 250 3563 quo
273 3504 333 3541 non
362 3501 508 3561 assequor
529 3480 603 3560 quid
621 3481 666 3539 ‘sit
687 3489 834 3556 sequatur:
871 3503 927 3561 pro
948 3504 1008 3563 quo
1029 3495 1196 3560 assequatur
1220 3497 1251 3547 et

131 3592 283 3649 sententia
306 3599 336 3648 ct
362 3588 497 3647 latinitas
520 3586 657 3666 requirit.
698 3585 858 3644 Intercidit
880 3591 1019 3667 praefixa
1045 3591 1138 3650 verbo
1160 3613 1248 3671 prae·

130 3697 254 3775 positio,
278 3703 311 3753 ut
332 3695 464 3772 saepius.
506 3692 601 3752 Velut
622 3701 746 3749 Pssocon
768 3701 903 3751 tinomaus
927 3695 962 3755 fr.
985 3705 1015 3756 2:
1050 3701 1125 3772 quoti
1142 3703 1169 3755 in
1192 3705 1251 3756 airis

131 3806 175 3859 clei
201 3805 301 3874 tempto
322 3805 439 3858 coloeoti
457 3805 612 3858 introierat:
640 3819 703 3884 nam
727 3805 755 3857 in
777 3807 877 3877 oppido
904 3819 977 3878 qttoe
1000 3805 1144 3860 osteodes
1165 3807 1250 3877 Apot-

130 3912 192 3966 lior's
213 3916 238 3963 et
258 3923 329 3980 qteoe
347 3909 383 3963 sot
396 3909 435 3964 ad
453 3908 597 3974 Heraclio,
622 3916 652 3964 ut
672 3913 803 3981 introiet,
831 3925 910 3965 nomo
935 3924 965 3964 so
986 3883 1167 3965 encotceotnr
1188 3930 1249 3966 non

130 4021 203 4093 puto
225 4013 428 4089 integritatem
452 4020 606 4086 constare,
630 4000 690 4072 nisi
711 4017 865 4072 excretoeati
878 4011 1027 4070 scribatur
1047 4031 1101 4089 pro
1123 4018 1250 4071 catceati.

129 4121 301 4199 Insequens
335 4119 413 4178 enirn
442 4119 778 4188 enuntiatum-causale
809 4119 948 4196 superius
977 4119 1158 4177 contrarium
1188 4119 1249 4178 dici

131 4226 237 4304 exigit.

214 4331 323 4410 Itaque
346 4331 398 4390 frr.
432 4340 457 4393 11
483 4339 513 4388 ct
544 4341 587 4403 to,
612 4327 700 4388 modo
723 4327 796 4407 quid
820 4328 884 4386 veri
910 4327 947 4387 de
971 4348 1071 4387 eorum
1095 4330 1249 4390 sententia
