2760 4890
216 323 275 386 126
610 333 613 337 ·
641 332 898 382 conuersum.

213 496 400 556 Basilienses
424 504 455 553 et
477 493 637 566 Oehlerus,
663 513 790 573 quorum
811 500 914 552 tamen
935 514 1023 553 nemo
1048 492 1133 567 dixit,
1157 493 1212 574 qui
1233 491 1329 572 accipi

152 581 160 589 '
213 611 303 677 canat
324 599 507 660 vocabulum
525 600 652 660 vellent.
684 601 760 660 Mihi
781 600 860 659 haec
882 619 955 678 pars
975 600 1140 677 fragmenti
1162 600 1203 659 de
1220 602 1328 660 lacuna

110 694 129 705 .,
215 716 358 786 suspecta
382 716 438 767 est.
484 707 534 766 Sic
557 707 636 768 enim
657 706 748 766 video
769 705 952 766 sententiam
973 705 1121 778 distribui,
1146 706 1233 765 utin
1253 726 1326 780 eum,

169 838 176 846 “
214 816 266 898 qui
287 815 386 875 omnia
409 835 486 873 unus
509 816 604 874 fuisse
628 814 747 888 dicitur,
772 814 902 894 primum
923 833 1028 872 omnes
1049 813 1249 873 conferantur
1270 835 1327 873 ma·

213 924 367 1001 gistratus,
391 941 517 1001 quorum
535 922 630 1012 instar
652 922 711 979 tria
731 940 888 979 munerum
903 939 1030 996 genera,
1049 928 1208 998 praetura,
1230 942 1327 981 sacer·

214 1029 342 1100 dotium,
371 1027 498 1120 parochi
521 1026 653 1085 officium
673 1027 717 1086 ita
738 1030 903 1106 ponuntur,
924 1032 957 1082 ut
981 1023 1042 1083 illis
1068 1026 1177 1086 civiles
1197 1038 1230 1088 et
1253 1029 1329 1088 sacri

213 1140 407 1216 magistratus
434 1133 569 1192 universi
596 1131 904 1210 comprehendantur,
940 1131 1090 1209 parochos
1124 1136 1329 1213 apparitorum

214 1245 346 1304 omnium
373 1242 441 1303 vice
469 1243 621 1316 fungatur.
666 1239 734 1296 Nec
762 1239 842 1321 onim
869 1257 937 1296 eum
966 1238 1063 1296 solum
1086 1218 1148 1298 dici
1173 1241 1328 1319 parocbon

131 1333 135 1344 ⁵
214 1351 351 1422 arbitror,
373 1349 427 1430 qui
446 1349 502 1407 ‘rei
523 1345 665 1427 publicae
687 1365 780 1404 causa
799 1345 859 1433 iter
880 1344 1063 1404 facientibus
1080 1349 1261 1407 necessaria
1279 1348 1327 1406 mi-

169 1530 172 1533 ·
214 1459 333 1516 nistrat'
357 1455 433 1534 (vid.
452 1454 633 1531 interpretes
654 1453 694 1512 ad
716 1450 838 1511 Horatii
860 1459 916 1509 sat.
938 1450 954 1509 Ι
976 1461 1003 1523 5,
1024 1450 1088 1530 46),
1103 1447 1169 1514 =sed
1193 1455 1327 1535 quicum-

215 1583 274 1645 que
304 1559 530 1638 magistratibus
555 1560 716 1632 Romanis,
749 1557 819 1617 dum
851 1557 950 1616 officio
987 1559 1171 1634 fungsmtur,
1206 1572 1328 1642 praesto

214 1678 285 1729 sunt
306 1678 338 1728 et
359 1689 444 1727 suam
465 1687 587 1746 operam
609 1665 767 1745 praebent.
801 1666 891 1724 Hanc
914 1663 993 1722 enim
1013 1665 1259 1744 explicationem,
1278 1668 1327 1728 im·

169 1817 173 1821 ,
214 1777 339 1836 mixtam
369 1776 452 1833 illam
483 1774 605 1855 quidem
630 1774 720 1833 meris
748 1772 883 1853 ineptiis,
912 1766 1029 1829 Nonius
1058 1771 1213 1849 significat
1239 1777 1260 1839 l.
1288 1797 1326 1837 c.:

213 1884 367 1942 ‘Paracos'
397 1903 415 1939 a
435 1900 541 1956 praeco
569 1889 692 1939 tractam
720 1867 762 1938 est
783 1898 900 1948 nomen,
928 1883 1005 1951 qaod
1023 1881 1153 1939 reticula
1173 1888 1329 1956 praebeat:

213 1993 361 2048 ortamota
383 1993 456 2045 enim
475 2005 593 2062 praece,
622 1991 710 2044 latine
730 1986 859 2057 reticulo
882 1990 1083 2058 appellantur:
1111 1997 1144 2046 at
1166 1999 1221 2049 est
1244 1993 1328 2066 ossi-

213 2099 262 2152 cii
284 2112 407 2168 panus,
429 2099 524 2168 qnod
545 2093 892 2152 administrantibus
907 2101 1027 2164 paret.
1061 2093 1099 2151 In
1121 2094 1233 2174 quibus
1255 2097 1327 2155 iniu-

213 2201 259 2259 ria
287 2200 357 2258 olim
379 2199 531 2272 nonnulli,
561 2220 687 2278 quorum
705 2198 827 2256 nomina
849 2197 936 2275 legas
956 2198 1038 2277 apud
1056 2201 1246 2279 Roeperum,
1276 2223 1328 2280 pro

213 2309 479 2365 administrantibus
500 2305 618 2365 restitui
641 2308 854 2379 mapistratibns
874 2304 1044 2377 voluerunt,
1068 2306 1152 2386 quod
1177 2317 1207 2366 et
1221 2308 1330 2387 probat

132 2494 135 2499 ἱ
213 2415 371 2491 Roeperus
395 2422 425 2472 et
447 2413 555 2472 eodem
578 2410 667 2470 modo
691 2410 801 2487 corrigi
818 2410 917 2489 potius
939 2432 1029 2491 quam
1049 2413 1126 2472 disci
1148 2414 1247 2474 voluit
1268 2416 1328 2474 No-

213 2520 256 2578 nii
278 2510 448 2579 sermonem
461 2540 491 2597 p.
507 2529 550 2591 58,
565 2528 600 2580 33
621 2515 758 2577 ‘accensi'
775 2535 866 2591 perias
878 2521 994 2576 militiae
1010 2528 1052 2578 est
1063 2524 1330 2580 administrantibus

208 2630 386 2699 proximum.
420 2626 549 2702 Nempe,
573 2618 654 2702 quod
669 2622 769 2680 Nonio
792 2622 913 2695 licebat,
933 2623 1179 2686 administrantes
1197 2627 1272 2686 dicit
1286 2627 1329 2685 of·

168 2740 172 2744 ’
213 2732 281 2791 ficio
312 2733 474 2808 fungentes
500 2727 739 2807 (magistratus):
770 2749 881 2803 parere
904 2740 1019 2805 autem,
1050 2753 1109 2812 quo
1132 2733 1240 2806 utitur,
1255 2754 1330 2792 non

214 2839 306 2898 dietat
326 2837 365 2896 ab
389 2856 537 2916 apparere
557 2835 587 2895 h.
609 2857 635 2895 e.
657 2843 779 2915 praesto
800 2858 878 2896 esse.
911 2838 1032 2898 Deinde
1053 2840 1144 2914 idem,
1169 2839 1221 2920 qui
1244 2858 1330 2898 omne

213 2966 308 3022 genus
333 2963 489 3002 munerum
516 2942 597 3001 solus
624 2942 791 3003 obtinuisse
817 2944 992 3017 dicebatur,
1023 2947 1111 3006 simul
1139 2942 1266 3006 s'enatus
1295 2965 1330 3002 ac

213 3052 342 3131 populus
372 3071 440 3110 esse
468 3050 593 3122 dicitur,
622 3059 655 3108 ut
681 3058 840 3132 utrumque
872 3050 1059 3130 reipublicae
1085 3053 1246 3113 Romanae
1269 3052 1330 3111 ele·

213 3165 346 3218 mentum
368 3156 553 3236 complexus,
574 3175 651 3213 unus
669 3157 843 3217 universam
867 3160 1023 3218 civitatem
1042 3160 1158 3218 referre
1177 3159 1330 3218 videatur.

211 3266 268 3325 His
292 3265 317 3324 si
338 3264 425 3342 tetigi
447 3283 569 3324 sensum
591 3263 752 3336 Varronis,
781 3266 870 3324 simul
893 3275 1098 3346 apparet‘nec
1120 3271 1225 3342 populi
1244 3275 1332 3339 caput

211 3392 302 3451 posse
331 3391 437 3430 vorum
463 3391 531 3431 esse
563 3380 593 3429 et
625 3368 806 3442 desiderari,
831 3373 913 3452 quod
941 3393 978 3431 ex
1002 3373 1100 3431 altera
1128 3380 1216 3452 parte
1244 3375 1333 3446 capiti

212 3476 412 3557 respondeat,
440 3488 474 3537 ut
501 3478 544 3538 sic
573 3475 723 3555 tripertita
750 3475 917 3547 illustretur
944 3479 1037 3537 illud:
1071 3481 1117 3537 bic
1136 3483 1235 3537 omnia
1258 3486 1330 3536 erat.

213 3585 316 3663 Quare
345 3586 388 3643 sic
423 3584 542 3643 demum
570 3590 711 3642 constare
740 3583 976 3645 concinnitatem
1002 3584 1145 3644 arbitror:
1161 3604 1165 3610 ’
1182 3588 1229 3643 iric
1257 3587 1331 3667 enim

174 3729 175 3732 =
213 3696 306 3750 omnia
328 3700 401 3761 erat,
424 3693 497 3748 idem
520 3693 665 3760 sacerdos,
686 3700 817 3762 praetor,
839 3695 992 3766 parochos,
1014 3697 1087 3750 idem
1108 3700 1236 3761 senatus,
1258 3695 1330 3748 idam

105 3880 109 3885 ᾖ
209 3801 348 3871 populas,
381 3815 434 3871 pes
459 3798 531 3852 idem
564 3804 592 3852 et
614 3806 710 3870 caput.
755 3799 825 3857 Non
854 3800 1000 3860 absimilis
1029 3796 1195 3859 earundem
1220 3817 1331 3856 vocum

213 3902 362 3980 oppositio
382 3902 414 3960 in
434 3902 578 3961 Asinaria
600 3904 702 3963 Plauti
722 3913 774 3969 728
799 3904 861 3983 (ΙΙΙ
883 3917 911 3980 3,
931 3906 994 3986 138)
1020 3927 1081 3986 sq.:

281 4011 340 4067 LE.
363 4011 425 4082 Epo
448 4007 537 4081 cripui
555 4011 622 4068 hnic
643 4016 762 4086 arpenni
781 4015 831 4086 fai
851 4018 901 4072 tibi
922 4015 1005 4071 nodie
1025 4011 1223 4086 reperirinda

280 4118 329 4174 LI.
365 4120 427 4191 Epo
450 4114 506 4188 pe's
528 4117 584 4189 fni.
612 4109 684 4175 'Aa
721 4120 795 4209 (lirin
823 4119 876 4179 ne'e
905 4127 994 4192 rapat
1020 4136 1073 4188 nec
1089 4117 1145 4190 pis
1167 4133 1331 4174 sermonum

1102 4221 1244 4296 ,adparet
1336 4254 1340 4261 ν

211 4330 277 4392 Iam
296 4327 372 4390 illud
390 4349 511 4414 quoque
530 4328 723 4390 manifestum
742 4338 797 4404 est,
817 4329 951 4411 Roeperi
967 4304 1134 4410 opinationi
1151 4329 1330 4391 Ventidium
