2760 4890
548 349 804 400 conmortuus.
1172 338 1231 400 163

116 508 264 589 sponderi
277 518 350 588 puto
364 510 461 568 altero
476 510 655 586 fragmento,
671 508 780 568 abesse
792 508 866 567 illud
878 507 998 585 longius
1014 508 1053 567 ab
1066 509 1230 587 elegantia,

115 615 240 696 quando
268 614 374 674 sabulo
405 622 520 674 stratae
546 615 616 675 viae
644 637 699 694 per
727 613 962 674 ambulationem
983 635 1052 675 mox
1076 616 1162 675 t'undi
1183 637 1230 676 rc·
1304 644 1310 652 ·

116 741 190 781 cens
214 721 292 781 arati
309 721 442 801 speciem
463 722 606 781 referant.
642 722 809 802 Peristylia
830 720 895 779 sive
914 722 1064 802 peristyla
1087 721 1230 800 (inlibris
1280 754 1283 759 ,

114 829 210 887 Nonii
218 850 249 908 p.
267 836 325 901 169,
341 839 373 890 lb
380 832 520 901 peristilis
532 828 653 905 legitur,
668 849 728 887 non
739 831 905 903 peristyliis,
920 828 960 886 cf.
970 828 1067 888 Varro
1080 829 1117 888 de
1127 829 1232 906 lingua

112 935 212 995 latina
226 935 307 995 VIII
321 931 367 1012 29)
385 951 464 1012 quae
479 943 636 1008 vocentur,
653 943 754 994 notum
771 943 831 993 est:
847 932 1041 1013 pertinebant
1053 943 1153 994 autem
1168 956 1230 994 ma·

113 1043 197 1102 xime
216 1040 256 1100 ad
275 1039 379 1099 domos
390 1040 582 1117 magnificas:
601 1041 682 1120 quod
696 1040 853 1102 Vitruvius
867 1040 981 1099 indicat
992 1041 1039 1101 VI
1051 1053 1067 1103 5
1086 1044 1232 1101 Nobilibus

113 1166 198 1218 vero,
221 1151 273 1221 qai
291 1148 414 1205 bonores
433 1151 674 1222 mayistratasqae
695 1151 821 1222 yereado
836 1155 994 1220 praestare
1014 1150 1114 1205 debeat
1131 1150 1231 1222 officia

113 1257 239 1323 civibus,
267 1253 405 1327 facienda
433 1260 501 1310 sant
525 1257 662 1312 vestibula
690 1257 813 1327 reyalia,
848 1258 908 1311 alta
930 1257 1007 1311 atria
1030 1261 1057 1310 et
1075 1259 1230 1328 peristylia

115 1364 302 1435 amplissima.
347 1359 384 1416 In
413 1358 456 1416 eis
484 1378 557 1417 vero
584 1357 710 1418 aedibus
739 1367 914 1439 cryptarum
935 1357 1037 1417 nullus
1061 1379 1134 1419 usus
1161 1362 1228 1434 fuit,

115 1465 199 1546 quod
219 1463 332 1524 ibidem
353 1465 510 1525 Vitruvius
534 1465 622 1526 dicit:
647 1469 727 1537 Quae
748 1474 841 1524 actem
862 1465 1009 1538 tractibus
1030 1470 1230 1524 rusticis-ser-

114 1577 211 1641 viant,
242 1575 272 1628 ia
294 1589 393 1629 eoram
412 1575 554 1630 vestibulis
575 1575 702 1644 stabula,
731 1575 883 1642 tabernae,
906 1576 936 1630 in
959 1555 1077 1630 aedibus
1099 1580 1229 1644 cryptae,

113 1666 238 1746 horrca,
273 1678 430 1751 apothecae
461 1687 615 1752 ceteraque
651 1697 725 1753 qaae
752 1682 791 1736 ad
815 1680 935 1753 fructas
951 1681 1116 1747 xservandos
1140 1681 1231 1752 mayis
1331 1676 1337 1686 '

113 1805 202 1860 qaam
225 1788 264 1842 ad
282 1787 439 1858 eleyaatr'ae
460 1788 590 1843 decorem
607 1793 732 1858 possaat
753 1802 823 1855 esse,
846 1789 887 1842 ita
908 1792 975 1842 saat
988 1785 1136 1859 facienao.
1167 1786 1229 1843 Ita·

114 1910 175 1971 que
198 1891 296 1951 Varro
319 1889 401 1969 quod
423 1872 528 1948 adiicit
556 1895 607 1965 qai
626 1899 746 1965 cryptas
765 1893 842 1949 domi
861 1908 918 1968 aaa
940 1891 1059 1960 babeat,
1082 1910 1142 1948 non
1164 1911 1229 1950 rus-

112 1997 242 2080 ticarum
281 1995 336 2055 sed
366 1995 512 2055 nobilium
546 2003 577 2056 et
608 1995 770 2055 lautiorum
808 1995 929 2055 aedium
956 2016 1150 2075 possessores
1177 1996 1229 2056 de·

113 2103 231 2180 signat,
255 2122 381 2183 quorum
402 2101 533 2161 maxime
556 2102 729 2181 exemplum
753 2101 974 2178 elegantiarum
997 2101 1124 2161 istarum
1147 2121 1228 2160 ama·

112 2219 162 2269 tor
190 2209 278 2290 sequi
307 2207 447 2280 debebat.
490 2208 594 2289 Atque
620 2207 677 2266 hos
704 2210 736 2266 in
764 2208 825 2267 suis
849 2208 1005 2288 peristylia
1029 2208 1072 2266 ait
1092 2229 1153 2267 non
1174 2230 1228 2288 pa·

112 2315 298 2376 vimentatas
325 2314 460 2393 porticus
488 2315 616 2389 habere,
652 2315 707 2376 sed
733 2315 945 2374 ambulationis
975 2335 1068 2375 causa
1090 2315 1229 2375 sabulum

13 2426 16 2430 ’
112 2421 217 2480 iacere
244 2440 263 2478 a
285 2425 400 2495 pariete
424 2421 454 2479 h.
476 2441 502 2482 e.
526 2441 563 2481 ea
590 2431 677 2501 parte
702 2441 781 2501 quae
803 2421 905 2481 media
926 2429 972 2481 est
992 2422 1072 2481 iuter
1093 2423 1227 2501 parietes

114 2536 149 2611 et,
178 2526 344 2586 columnas.
400 2525 488 2604 Quae
526 2548 593 2586 cum
633 2547 694 2586 non
731 2526 861 2586 obscura
899 2527 975 2602 sint,
1015 2527 1228 2587 difficultatem

112 2633 231 2694 addunt
252 2631 390 2712 proxima
412 2642 462 2692 aat
485 2639 597 2710 eyistis:
626 2636 670 2694 sic
694 2634 773 2693 enim
793 2633 878 2707 libri,
908 2634 990 2694 unde
1016 2644 1086 2694 ante
1108 2636 1227 2696 Merce-

112 2760 180 2799 rum
203 2748 254 2798 aut
274 2743 385 2814 cryptis
404 2739 574 2818 legebatur,
599 2742 738 2820 Scaliger
759 2753 810 2800 aut
830 2760 845 2800 a
868 2746 964 2818 xystis
986 2741 1126 2801 restituit.
1142 2812 1146 2819 Ι
1165 2739 1227 2802 Sed

111 2866 170 2905 nec
198 2845 257 2906 hoc
287 2865 346 2904 nec
369 2844 447 2906 illud
473 2868 531 2908 nec
558 2849 726 2909 Porcellini
751 2859 782 2907 at
808 2853 838 2907 in
861 2852 971 2923 cryptis
1000 2848 1051 2928 qui
1078 2848 1229 2928 explicem

110 2951 221 3012 habeo.
267 2950 402 3030 Oryptae
431 2952 469 3011 ab
498 2954 557 3013 hoc
577 2956 644 3015 loco
663 2976 787 3036 prorsus
810 2955 945 3015 alienae:
974 2959 1105 3030 amystis
1126 2961 1229 3013 autem

110 3059 172 3116 ia'ci
197 3056 352 3130 sabulum,
377 3057 480 3138 inopte
502 3059 619 3120 dicitur.
664 3062 809 3140 Intellegi
828 3062 925 3141 possit
944 3062 1003 3120 hoc
1023 3072 1054 3120 at
1072 3067 1102 3120 ia
1124 3066 1228 3136 aystis,

111 3172 146 3222 ut
173 3163 253 3222 iacto
281 3163 387 3222 sabulo
416 3166 550 3244 porticus
573 3188 671 3248 aeque
696 3188 732 3227 ac
751 3170 833 3249 xysti
854 3168 1022 3228 reddantur
1041 3167 1226 3239 ambulacra,

111 3270 172 3330 nisi
197 3269 279 3349 quod
300 3269 372 3330 illae
397 3279 498 3331 tectae
521 3275 594 3356 sint,
617 3273 648 3332 hi
672 3273 879 3354 hypaethrae,
903 3295 978 3354 quas
998 3274 1154 3336 Vitruvius
1173 3294 1226 3353 ap-

111 3375 210 3456 pellat
231 3376 277 3435 VI
298 3382 324 3447 7,
348 3376 578 3451 ambulationes.

166 3536 168 3541 .
197 3484 248 3542 Fr.
262 3482 361 3541 XXII
378 3483 472 3561 plana
488 3492 534 3543 cst
548 3488 708 3559 sententia,
732 3509 822 3568 quam
839 3487 1018 3565 significavi,
1038 3485 1134 3546 vcrba
1151 3506 1224 3544 non-

112 3589 184 3649 dum
207 3588 368 3649 emendate
389 3589 569 3651 scribuntur.
607 3595 807 3673 Exemplaria
827 3595 919 3654 Nonii
935 3616 965 3673 p.
982 3604 1043 3667 152,
1064 3603 1096 3656 19
1114 3594 1157 3651 ita
1171 3593 1225 3651 ha·
1306 3670 1310 3679 „

110 3694 200 3754 bent:
229 3715 257 3753 a.
286 3716 311 3756 a.
339 3701 368 3756 in
388 3700 508 3772 publica
533 3708 615 3759 nocte
644 3711 670 3759 te
696 3707 849 3761 tabernas:
876 3700 957 3759 undo
983 3698 1065 3779 quod
1087 3697 1226 3775 Scaliger

111 3802 230 3861 effinxit
257 3807 287 3862 in
311 3808 430 3879 publica
458 3816 558 3865 nostra
582 3810 716 3880 taberna,
741 3829 799 3868 nec
827 3809 973 3868 memoria
996 3805 1142 3865 librorum
1167 3826 1225 3865 nec

110 3911 180 3989 ipsa
202 3909 429 3970 commendatur
450 3916 610 3974 sententia.
657 3914 814 3976 Gerlachii
834 3916 1039 3975 coniecturam
1060 3919 1089 3971 ia
1109 3917 1225 3987 publico

110 4025 193 4075 nocte
216 4021 352 4076 tabernas
379 4004 529 4078 (lehlerus
552 4021 716 4100 expressit,
745 4022 797 4101 qui
819 4021 954 4081 subiicit:
984 4019 1162 4093 ‘tabernam
1187 4019 1225 4078 tle

110 4121 222 4203 quibus
243 4123 342 4184 Varro
370 4123 521 4204 loquitur,
554 4125 696 4185 videntur
720 4125 882 4207 lupanaria
909 4127 1001 4187 esse.’
1042 4126 1105 4186 Sed
1125 4146 1225 4206 neque

109 4230 260 4290 rationem
292 4228 384 4290 video
417 4250 515 4291 cura
542 4231 755 4309 vulgatissima
781 4233 976 4292 tabernarum
1005 4233 1225 4311 significatione

110 4332 306 4411 recedamus,
335 4358 394 4398 nec
422 4340 448 4399 si
475 4348 577 4398 tamen
605 4338 767 4418 lupanaria
787 4342 885 4402 Varro
907 4339 997 4412 dixit,
1023 4341 1074 4419 qui
1095 4339 1152 4399 sibi
1174 4339 1225 4398 vel

960 4439 995 4498 11
1005 4441 1023 4481 ²¹²
