2760 4890
163 314 223 379 132
590 323 848 373 conmortuus.
919 368 949 391 ⁸.

160 486 297 565 Quorum
307 485 385 545 haec
392 493 545 564 postrema
559 504 574 542 e
587 483 727 542 Terentii
738 482 921 542 Phormione
936 491 986 546 841
1001 504 1048 564 sq.
1060 464 1182 561 sumpta
1195 490 1283 541 sunt:

160 593 318 671 Roeperus
334 592 424 649 etiam
442 591 598 669 superiora
616 598 712 647 metro
734 588 901 648 dimetitur:
923 590 1005 671 quod
1023 599 1126 650 tamen
1147 588 1200 650 vel
1215 591 1286 669 ipsa
1364 638 1367 643 ,

160 699 475 776 scripturaincertum
494 697 640 757 reddit-ur.
662 696 742 755 Nam
753 704 787 754 ut
798 695 890 772 vulgo
909 696 964 754 illa
980 695 1153 755 scribuntur
1170 697 1204 766 Q.
1220 698 1283 755 Cle-

159 809 240 863 diunt
258 807 338 878 soria
361 802 427 882 (vel
440 806 547 880 sorios)
565 824 600 863 ee
612 824 654 878 p„
674 804 718 861 ita
733 811 815 862 certe
828 822 889 861 non
907 823 925 861 a
940 803 1078 863 Varrone
1094 801 1179 861 edita
1195 810 1283 861 sunt:

159 931 217 969 nec
240 910 371 970 debebat
398 912 469 969 hinc
492 909 632 971 Clodiani
657 909 787 968 nominis
809 908 908 967 forma
923 909 1072 973 fidentius
1094 909 1126 968 in
1152 909 1283 985 alterum

160 1038 280 1097 quoquc
303 1018 504 1095 fragmentum
520 1017 635 1074 inferri.
667 1014 711 1074 Ut
727 1014 840 1072 futtilia
858 1034 927 1074 esse
944 1023 1101 1093 appareat,
1122 1035 1201 1093 quae
1226 1013 1282 1073 sub

158 1123 278 1188 rronrinc
296 1121 503 1200 Quinctiporis
522 1121 663 1188 Clodiani
676 1121 817 1196 leguntur
830 1122 862 1180 11
875 1119 984 1180 Orellii
1001 1121 1190 1180 onomastico
1205 1120 1281 1178 Tul-

157 1228 248 1287 liano.
278 1228 380 1308 Atque
405 1229 561 1287 evanescit
583 1228 677 1286 omnis
701 1226 738 1295 de
760 1225 909 1285 Clodiano
929 1227 1082 1303 cogitati0‚
1101 1228 1128 1285 si
1143 1207 1219 1286 vera
1237 1236 1283 1285 est

158 1332 339 1391 Mommseui
367 1335 555 1407 emendatio,
592 1354 681 1412 quam
716 1331 881 1391 vernacule
913 1333 1063 1411 expressit
1090 1331 1161 1391 hist.
1192 1332 1281 1391 Rom.

61 1514 66 1526 .
157 1436 208 1494 ΙΙΙ
229 1458 260 1515 p.
283 1446 333 1500 585
356 1439 427 1498 adn.
472 1438 578 1499 Voluit
600 1439 680 1496 enim
702 1437 779 1497 haec
802 1439 845 1494 ita
863 1436 970 1496 scribi:
1000 1440 1181 1511 Quintiporis
1203 1439 1284 1496 Clodi

158 1543 340 1616 caesores
363 1564 397 1603 ac
414 1551 546 1619 poemata
567 1548 628 1602 cias
648 1548 856 1621 parparidians
878 1546 971 1600 dices:
998 1563 1025 1604 e.
1045 1563 1074 1622 q.
1096 1563 1119 1601 s.
1155 1543 1194 1601 In
1214 1542 1279 1622 qui-

158 1647 213 1706 bus
244 1668 311 1707 cum
338 1649 464 1728 pulchre
488 1651 644 1708 inventum
676 1650 716 1707 sit
738 1649 909 1723 conferam·
925 1647 1067 1727 displicet
1093 1658 1197 1708 tamen
1219 1654 1281 1707 eius

158 1774 338 1833 pronomen:
363 1756 444 1836 quod
465 1756 531 1814 fere
551 1754 610 1812 duo
632 1755 727 1814 sitisse
750 1753 897 1813 enuntiati
915 1752 1049 1812 membra
1064 1755 1190 1829 indicat,
1212 1755 1278 1814 vel·
1303 1763 1333 1818 ,“

156 1871 190 1920 ut
214 1863 271 1921 hoc
297 1863 401 1921 modo:
433 1864 611 1934 Quintiporis
640 1864 720 1919 Clodi
746 1870 830 1946 ant-e
857 1861 955 1934 soris
983 1877 1044 1918 eas
1077 1880 1112 1919 ec
1142 1865 1279 1934 poemata

156 1974 218 2026 eius
239 1973 446 2045 parparidicns
467 1970 556 2024 dices.
596 1965 659 2025 Sed
679 1967 737 2024 hoc
758 1975 826 2024 utut
851 1974 907 2039 est,
931 1967 963 2024 iu
980 1974 1082 2026 nostro
1106 1964 1278 2042 fragmento

158 2077 237 2132 Clodi
258 2076 367 2134 mutari
389 2096 448 2133 nou
471 2072 572 2132 debet.
606 2073 712 2146 feeerit
732 2073 819 2129 Musa
840 2072 920 2130 Iunii
945 2081 1000 2145 est,
1017 2065 1093 2130 ’111111
1113 2093 1144 2151 p.
1161 2080 1223 2143 448,
1246 2083 1278 2134 15
1327 2134 1331 2143 ,

154 2183 320 2254 fecerimus.
371 2183 517 2237 Edetandi
550 2152 678 2243 verbum
707 2185 791 2235 extat
820 2176 911 2237 hodie
939 2179 969 2236 in
992 2179 1083 2237 Ennii
1109 2198 1220 2253 versu,
1252 2180 1278 2238 si

157 2285 279 2365 quidem
301 2286 393 2344 Ennii
418 2293 502 2356 sunt,
538 2304 615 2361 quae
638 2284 669 2340 in
690 2281 853 2359 Iphigenia
875 2285 942 2342 XII
969 2282 1058 2362 (trag.
1083 2281 1147 2361 274)
1171 2285 1276 2363 posui:

155 2398 299 2479 extemplo
322 2395 434 2450 edolavi
452 2395 570 2465 iussum.
615 2390 652 2447 In
674 2392 732 2466 qu'o
754 2390 856 2448 mirari
878 2412 939 2450 non
961 2392 1050 2464 licet,
1082 2390 1217 2449 Nonium
1239 2390 1277 2449 de

157 2519 193 2557 eo
221 2498 315 2558 verbo
339 2498 484 2555 maluisse
508 2517 524 2554 e
550 2497 688 2555 Varrone
719 2513 838 2554 sumere
864 2498 956 2556 Ennii
984 2495 1157 2576 exemplum
1186 2518 1279 2578 quam

155 2605 255 2683 ipsum
273 2605 361 2663 huius
383 2621 506 2660 versum
527 2620 688 2679 apponere.
735 2599 912 2660 Consimilia
933 2621 995 2660 non
1017 2623 1087 2662 rara
1109 2603 1193 2683 apud
1212 2605 1276 2664 No·

156 2710 239 2767 nium
259 2706 312 2785 (cf.
335 2729 366 2786 p.
390 2716 451 2778 188,
472 2716 515 2768 25.
542 2716 600 2778 113,
622 2717 665 2769 30.
688 2715 749 2778 261,
773 2707 1089 2798 8111551111),
1113 2731 1192 2791 quae
1215 2734 1277 2772 non

158 2816 231 2874 satis
248 2815 401 2893 reputavit
421 2813 445 2870 Ι.
465 2811 506 2870 Α.
519 2811 645 2890 Maehly
663 2810 746 2889 (ann.
761 2812 867 2891 philol.
887 2813 947 2872 vol.
964 2834 1049 2874 nxxv
1063 2838 1092 2896 p.
1107 2817 1184 2897 365),
1209 2840 1278 2878 cum

155 2940 238 2978 meas
253 2927 356 2999 partes
378 2925 482 2975 contra
495 2915 697 2976 Ribbechium
710 2919 883 2977 sustineret.
896 2923 1055 2989 *Edolendi
1065 2922 1160 2982 verbo
1176 2927 1276 2985 Varro

156 3046 228 3085 usus
251 3034 297 3085 est
319 3032 487 3103 praeterea¹
502 3025 534 3082 11
552 3024 610 3082 hac
631 3025 736 3104 lepida
755 3025 908 3084 sententia
927 3033 1068 3084 Mrsrrans
1089 3028 1127 3088 fr.
1151 3039 1183 3094 7:
1208 3053 1276 3090 nas·

154 3138 247 3191 rimor
276 3136 350 3190 enim
377 3134 513 3202 spissius,
549 3149 634 3203 quam
663 3137 835 3221 emorimur:
869 3136 919 3189 vir
949 3140 1005 3193 duo
1028 3139 1156 3195 homines
1178 3143 1275 3197 decem

154 3243 297 3298 mensibus
324 3241 465 3295 adulatum
488 3256 575 3293 unum
595 3240 720 3294 reddunt
739 3256 879 3311 puerum:
905 3252 1007 3299 cotnra
1029 3263 1088 3300 una
1109 3250 1276 3318 pestilentia

154 3355 205 3403 eut
228 3348 338 3404 hostica
368 3346 446 3400 acies
471 3351 580 3415 puncto
597 3326 747 3416 'temporis
776 3348 910 3403 immanis
937 3365 1055 3407 acervos
1081 3352 1165 3429 [acic.
1212 3353 1276 3432 Qui

154 3451 235 3531 quod
256 3453 288 3510 in
309 3456 420 3504 Brutum
444 3447 613 3523 fragmento
637 3449 769 3508 Ennium
796 3452 918 3526 laudat,
951 3453 1096 3531 putabam
1118 3457 1177 3516 hoc
1201 3459 1275 3518 olim

153 3557 193 3615 ad
214 3577 306 3616 uuum
328 3552 472 3615 edolandi
493 3552 619 3612 verbum
639 3557 811 3634 pertinere:
835 3581 928 3639 quare
951 3561 1043 3620 Nonii
1065 3563 1288 3622 testimouium·

153 3663 192 3722 ad
221 3662 306 3720 illum
333 3659 514 3739 Iphigeniae
540 3669 662 3719 uersum
685 3662 918 3744 adscripseram.
964 3666 1078 3727 Contra
1098 3666 1176 3727 dixit
1198 3669 1272 3727 Rib-
1312 3642 1323 3653 .

152 3763 278 3822 beckius
306 3764 337 3821 in
367 3785 446 3823 novo
468 3785 572 3824 museo
597 3767 695 3827 Rhen.
719 3770 750 3827 X
771 3791 799 3848 p.
824 3779 895 3844 287,
925 3774 978 3852 qui
999 3793 1015 3831 e
1034 3772 1178 3831 Varronis
1202 3774 1272 3833 loco

153 3870 255 3946 colligi
280 3877 380 3947 putat,
411 3871 505 3929 talem
532 3872 665 3953 aliquam
686 3878 778 3935 Ennii
806 3877 990 3938 locutionem
1018 3879 1090 3938 olim
1116 3882 1271 3941 extitisse:

130 3979 274 4068 *libellum
299 3976 441 4050 (carmen)
465 3982 590 4036 edolare.
635 3981 724 4040 Nunc
747 4003 785 4042 ne
806 3985 879 4044 mihi
900 3986 1024 4066 quidem
1043 3985 1203 4065 probabile
1226 3990 1271 4046 vi-

152 4072 250 4168 detur,
273 4102 291 4139 a
304 4082 442 4141 Varrone
461 4082 498 4141 ob
521 4084 617 4144 solam
636 4087 779 4148 edolandi
800 4111 908 4149 vocem
928 4093 1061 4150 Ennium
1085 4092 1187 4151 citari:
1211 4114 1270 4152 nec

150 4197 253 4270 tamen
276 4188 306 4244 in
329 4187 491 4248 Ribbechii
516 4200 619 4269 partes
644 4194 779 4256 discedo.
824 4197 991 4274 Reputanti
1010 4199 1091 4256 enim
1113 4199 1186 4257 mihi
1209 4221 1270 4259 non

151 4292 216 4351 sinc
244 4294 274 4352 vi
304 4292 365 4353 dici
394 4294 534 4354 Clodium
567 4306 611 4356 tot
640 4301 813 4361 comoedias
845 4304 910 4361 sine
936 4303 1000 4391 ulla
1028 4305 1116 4364 Musa
1144 4304 1269 4381 fecisse.
