2760 4890
213 335 272 396 174
643 332 898 394 conmortuus.

129 564 139 576 ,
209 508 255 567 vit
278 525 424 566 errorem:
454 525 522 564 cum
547 505 627 564 enim
650 503 745 564 Nonii
767 504 859 583 culpa
874 507 1029 580 percrepia
1050 523 1105 583 pro
1127 476 1225 564 verbo
1248 503 1331 562 acci·

210 622 346 693 peretur,
376 632 415 672 ne
443 610 501 670 duo
530 612 562 669 in
584 631 644 670 uno
667 611 827 670 enuntiato.
846 610 940 670 verba
963 609 1168 686 haberentur,
1197 609 1329 669 alterum

211 725 308 780 volitet
326 727 539 778 commutatum
563 737 630 777 cum
651 718 823 796 participio.
856 717 999 797 Denique
1018 718 1081 776 vim
1101 736 1189 776 suam
1209 724 1240 775 et
1259 735 1328 794 gra-

211 821 284 886 tiam
313 820 379 884 uiso
409 824 531 905 quidem
560 843 652 884 sensu
679 825 773 884 habet
799 825 853 883 illa
882 844 944 884 non
970 820 1150 882 immodicae
1175 820 1329 881 audaciae

210 933 370 993 verborum
394 931 555 990 collocatio
581 939 710 1004 propter*
725 935 879 1005 percrepis
904 933 1019 990 vocibus
1041 933 1139 988 volitat
1160 946 1251 987 aurea
1272 949 1328 1008 pro

206 1043 359 1115 percrepis
386 1039 500 1096 vocibus
524 1041 744 1111 propteroolitat
772 1054 868 1095 aures,
904 1036 947 1095 At
967 1056 1041 1096 vero
1062 1045 1093 1094 et
1113 1034 1234 1093 Nonius
1257 1053 1328 1112 pur-

210 1157 299 1227 gatur
327 1143 524 1221 neglegentia
551 1152 582 1203 et
609 1163 649 1203 ne
677 1143 742 1202 leni
770 1142 894 1222 quidem
915 1142 970 1201 illa
991 1142 1159 1201 mutatione
1184 1160 1262 1219 opus
1284 1147 1330 1198 est

172 1290 174 1296 >
209 1257 252 1314 ita
274 1251 442 1327 distributis
461 1248 577 1309 verbis:

811 1375 936 1441 propter
952 1367 1107 1442 pe'rcrepzt

368 1476 490 1534 Vociba'
514 1477 634 1532 volitans
656 1475 754 1532 coreis
776 1479 859 1550 vulpi.

211 1613 328 1674 Audio:
358 1631 415 1669 nec
439 1611 482 1668 ita
502 1610 615 1669 haereo
638 1609 669 1668 in
693 1608 849 1688 dactylico
868 1630 946 1669 voce
968 1608 1103 1669 trochaei
1124 1608 1193 1667 loco
1215 1609 1327 1686 posita,

125 1734 129 1738 '
210 1720 248 1779 dc
275 1738 336 1799 qua
348 1717 423 1776 ”dixi
446 1736 475 1795 p.
499 1725 542 1779 67-
586 1714 649 1777 Sed
671 1714 814 1794 displicet
836 1717 1002 1790 sententia,
1021 1715 1153 1774 maxime
1176 1715 1220 1772 sic
1243 1712 1327 1772 nude

209 1827 340 1907 positum
359 1825 473 1882 vocibus
494 1823 685 1882 vocabulum.
725 1822 829 1901 Quare
851 1844 908 1902 ego
932 1822 1001 1882 dum
1024 1820 1097 1903 quid
1118 1821 1228 1880 melius
1253 1819 1326 1879 edo·

210 1953 281 1992 cear
309 1929 391 2009 (nam
416 1930 552 2008 Roeperi
577 1928 699 2009 quidem
726 1931 854 1990 inventa
878 1951 940 1991 non
967 1936 1038 1990 sunt
1065 1925 1207 2004 meliora)
1238 1927 1327 1986 Sota·

210 2038 301 2098 deum
323 2035 513 2094 Lachmanni
535 2034 688 2094 obtinebo.
927 2112 931 2118 ἱ

294 2141 358 2203 Sed
381 2161 448 2199 cum
465 2160 567 2200 rursus
589 2140 629 2199 ad
652 2141 801 2202 Sotadeos
824 2140 986 2202 deflexerit
1008 2139 1112 2213 oratio,
1135 2137 1245 2197 licebit
1263 2158 1325 2197 mo·

211 2250 298 2309 deste
328 2266 490 2326 quaerere,
521 2245 667 2306 eludarne
691 2247 797 2308 fallaci
820 2250 939 2329 specie,
973 2269 1039 2308 curn
1071 2251 1267 2302 Anoaanmauc
1290 2244 1327 2302 fr·

210 2366 243 2418 10
266 2353 340 2413 duos
363 2351 511 2412 Sotadeos
530 2354 679 2412 contineri
703 2355 854 2433 suspicor:

359 2479 399 2545 'Io
420 2490 539 2547 rellicuo'
557 2507 685 2562 corpore.
702 2494 737 2549 ab
760 2465 914 2565 bo'dfonte
935 2492 1072 2564 diffisost

358 2585 483 2653 Ἀηἱηιατ
505 2596 572 2652 hinc
593 2599 706 2654 animis
728 2601 767 2655 ad
786 2597 1008 2674 intellepe'nliam
1030 2597 1162 2654 tribuitur.

208 2737 244 2795 In
268 2732 377 2814 quibus
401 2727 482 2810 quod
511 2733 550 2787 od
570 2735 788 2816 intellcyendum
810 2733 915 2793 scribit
938 2733 1088 2795 Oehlerus
1111 2738 1142 2790 et
1163 2729 1208 2789 ita
1227 2729 1324 2807 expli·

209 2850 273 2901 cat:
302 2835 495 2912 ‘intelligere
521 2835 647 2896 verbum
674 2838 813 2900 absolute
835 2818 981 2918 positum,
1005 2847 1041 2898 ut
1062 2837 1144 2917 apud
1165 2835 1231 2896 oie.
1252 2845 1326 2897 orat.

208 2967 233 3006 c.
249 2956 283 3007 10
302 2953 333 3005 et
352 2944 406 3016 17’,
433 2961 517 3003 suam
529 2946 768 3024 ‘neglegentiam
790 2947 967 3023 illustravit,
979 2966 1047 3010 non
1068 2946 1248 3018 Varronem,
1273 2943 1324 3025 qui

206 3072 246 3112 ne
268 3071 340 3110 usus
358 3048 481 3129 quidem
502 3051 597 3110 verbo
622 3060 678 3125 est,
701 3051 756 3112 sed
778 3052 1002 3133 nominctquod
1020 3052 1130 3131 scripsi
1147 3049 1226 3130 (vid.
1244 3051 1322 3110 Non.

206 3180 237 3239 p.
257 3167 325 3231 426,
347 3155 403 3236 30)
448 3155 486 3215 In
515 3156 657 3217 Sotadeis
686 3166 786 3218 autem
813 3160 874 3218 illis
902 3179 969 3219 cum
999 3167 1103 3218 cetera
1132 3158 1200 3219 sine
1229 3159 1323 3218 offen·

207 3267 293 3326 sione
315 3265 410 3324 fluant
433 3262 530 3343 (certe
552 3285 611 3324 uec
626 3265 704 3324 haec
726 3267 823 3326 forma
847 3307 866 3317 -
887 3302 906 3311 -
925 3301 943 3318 υ
960 3307 995 3344 -,
1024 3275 1104 3348 quae
1126 3272 1174 3324 est
1195 3265 1229 3324 in
1243 3262 1323 3343 pede

205 3373 295 3441 tertio
321 3373 445 3452 prioris,
473 3392 532 3432 nec
559 3406 577 3425 υ
593 3409 613 3428 0
630 3413 650 3423 -
748 3373 781 3430 in
806 3373 894 3432 initio
921 3372 1047 3433 alterius
1071 3392 1179 3432 versus
1201 3377 1247 3430 est
1271 3389 1324 3428 cur

206 3478 431 3556 addubitetur),
470 3477 583 3540 haereo
615 3478 754 3539 nonnihil
784 3478 816 3537 in
846 3478 904 3538 hoc
926 3479 1023 3559 pede:
1062 3481 1126 3537 meis
1152 3482 1192 3536 od
1217 3481 1346 3537 intelle

205 3585 274 3643 Hac
294 3584 392 3643 forma
414 3589 439 3635 -'
461 3626 480 3636 -
505 3625 528 3636 -
550 3621 568 3640 υ
589 3605 676 3645 usum
699 3606 767 3646 esse
783 3586 952 3646 Varronem
972 3594 1056 3645 certe
1078 3584 1222 3663 exempla
1238 3585 1323 3644 evin·

123 3753 126 3756 Α
207 3700 293 3752 cunt:
322 3700 414 3771 atque
443 3711 510 3751 cum
536 3699 598 3775 tam
624 3690 746 3752 hanc-
764 3728 782 3745 υ
799 3735 822 3743 -
840 3734 876 3773 -‚
908 3712 999 3773 quam
1021 3692 1121 3752 soluta
1142 3674 1203 3751 arsi
1225 3691 1324 3769 prima

204 3834 369 3852 υυυυυ
393 3798 544 3876 probarit,
568 3783 744 3858 'videndum
767 3807 829 3874 est,
852 3820 923 3858 num
946 3799 1038 3859 etiarn
1058 3796 1165 3856 inille
1183 3839 1207 3848 -
1227 3837 1248 3848 -
1268 3839 1288 3848 -
1306 3833 1324 3852 υ

204 3907 335 3985 priorem
357 3906 448 3965 arsim
470 3905 599 3964 solutam
620 3927 683 3967 non
706 3906 855 3985 effugerit.
903 3904 994 3965 Certe
1018 3903 1191 3964 emendatio
1212 3904 1323 3984 proba·

205 4012 275 4071 bilis
295 4012 368 4070 mihi
392 4032 464 4070 non·
476 4013 622 4092 suppetit,
646 4023 681 4074 ut
697 4021 751 4073 aut
768 4034 840 4073 casu
862 4011 918 4070 illa
937 4010 1071 4090 rhythmi
1093 4009 1324 4070 similitudinem
1351 4030 1356 4034 ·

205 4119 359 4191 affectent,
382 4126 435 4178 aut
453 4139 493 4179 ne
512 4118 568 4205 illa
590 4119 712 4199 quidem
735 4121 832 4180 forma
853 4119 984 4180 Varroni
1002 4117 1208 4177 abiudicanda
1228 4119 1279 4180 sit.

288 4223 397 4284 Redeo
423 4225 463 4284 ad
484 4225 592 4284 furiosi
613 4228 709 4287 nostri
729 4227 902 4287 vesaniam:
932 4223 970 4284 de
994 4225 1079 4284 cuius
1100 4225 1223 4285 fortuna
1239 4245 1323 4286 nunc

204 4330 307 4390 statim
329 4330 497 4393 obveniunt
516 4335 596 4411 viae,
619 4354 696 4416 quas
717 4335 872 4413 ingressus
896 4342 953 4408 est,
976 4333 1152 4393 curationis.
1189 4332 1238 4393 Ac
1261 4332 1322 4412 pri·
