2760 4890
554 342 811 393 conuertitur.
1203 340 1243 402 69

129 501 249 577 attingi.
281 499 330 559 Ac
348 499 431 573 licet,
454 502 569 579 opinor,
591 503 769 562 intaminata
788 507 932 563 memoria
951 510 1038 566 metri
1060 508 1242 570 desiderium

128 607 265 686 explere·
309 605 389 665 Vide
411 605 485 663 mihi
506 607 587 666 hunc
609 610 811 688 septenarium
832 610 1011 670 iambicum:

282 715 377 773 Noctis
395 717 517 772 moritus
538 713 674 774 tacitulus
696 721 786 774 turim
811 720 913 775 risoris
930 720 1054 778 soloebut

281 819 440 895 dispitiam.

128 927 167 985 In
195 945 256 1005 quo
282 924 363 1005 quod
390 929 534 1000 einpillum
560 928 646 1004 posui
672 933 904 1007 praeloquium,
932 929 1021 987 naid
1045 931 1166 1010 quidem
1188 954 1243 992 nu·

130 1052 280 1092 merorum
303 1032 480 1091 necessitati
509 1030 652 1104 debetur,
677 1031 737 1097 ‚sed
765 1034 831 1112 ipsa
859 1036 949 1092 Nonii
974 1038 1153 1096 auctoritate
1175 1059 1242 1098 sua-

132 1138 229 1212 detur,
252 1138 305 1221 qni
326 1138 369 1196 ita
384 1116 489 1195 scribit
509 1156 538 1214 p.
555 1145 598 1209 47,
615 1145 664 1200 27:
688 1139 863 1212 ‘Cirrpillam'
886 1163 904 1199 a
922 1147 1068 1216 stupendo,
1091 1147 1168 1216 quod
1188 1143 1243 1211 ‘inf

130 1245 293 1321 einpulum'
317 1248 489 1317 plerumque
516 1247 629 1301 dicitur.
682 1245 776 1300 Varro
812 1245 831 1302 ἦ
858 1293 864 1303 .
889 1291 894 1303 .
924 1251 1049 1307 solvebat
1075 1242 1243 1325 stuparum?

131 1353 329 1425 Inetnpulum,
357 1346 439 1426 quod
468 1367 528 1404 non
555 1367 633 1423 nego
660 1349 796 1426 potuisse
827 1351 902 1424 dici,
930 1353 988 1411 hoc
1016 1374 1075 1413 uno
1108 1358 1242 1416 testimo-

131 1459 180 1515 nio
202 1457 296 1515 Nonii
325 1453 466 1532 (alterurn
493 1454 573 1511 enim
600 1454 672 1513 mihi
698 1455 916 1533 incompertum
946 1457 1004 1535 est)
1035 1482 1095 1520 non
1119 1463 1243 1522 multum

131 1564 201 1623 fidei
222 1563 422 1621 nanciscitur:
452 1561 541 1618 immo
565 1580 632 1619 cum
656 1561 800 1641 frequens
822 1564 860 1621 sit
882 1569 1038 1638 cinysium,
1067 1567 1170 1646 paullo
1192 1589 1243 1628 au·

132 1679 191 1728 tem
206 1667 306 1727 rarius
327 1671 480 1742 stupidum,
503 1664 661 1745 probabile
684 1676 739 1739 est,
760 1669 890 1727 Nonium
910 1671 951 1728 ita
974 1673 1149 1751 scripsisse:
1172 1673 1243 1733 ‘oin-

130 1776 240 1850 pillum'
264 1820 270 1832 .
294 1820 300 1832 .
330 1779 406 1853 quod
432 1775 601 1848 ‘cinysium'
625 1778 798 1848 plerumque
819 1780 939 1847 dieitur,
972 1776 1161 1857 eandemque
1185 1781 1244 1838 for-

133 1903 209 1941 mam
236 1881 334 1940 fnisse
362 1880 394 1938 in
416 1879 563 1940 Varronis
587 1899 646 1957 quo
668 1880 761 1938 utitur
786 1881 935 1960 exemplo.
979 1883 1030 1942 Sic
1055 1887 1168 1957 cinpitlo
1189 1906 1244 1963 pro

131 1992 242 2063 capulo
260 1986 382 2046 videtur
402 1986 498 2046 Paulo
519 1983 683 2044 breviatori
705 1986 790 2045 Festi
810 2007 840 2063 p.
864 1995 898 2048 63
914 1987 955 2044 M.
981 2005 997 2043 e
1019 1984 1177 2045 ‘bonorum
1194 2010 1243 2047 co-

133 2093 244 2153 dicum'
267 2093 417 2171 scriptura
433 2094 545 2166 cinpilio
560 2091 787 2150 restituendum.
818 2092 999 2164 Iuciapulum
1016 2093 1096 2170 apud
1111 2094 1244 2153 Nonium

133 2198 210 2259 unde
233 2206 332 2258 ortum
358 2200 397 2257 sit
422 2197 524 2256 dicere
551 2215 610 2254 non
637 2216 774 2274 possum,
803 2197 861 2254 nisi
888 2195 967 2254 forte
990 2197 1061 2255 olim
1091 2201 1184 2256 Varro
1209 2205 1244 2257 in.

135 2307 405 2365 Gerontodicluseolo
429 2299 562 2373 extabat,
586 2299 667 2358 unde
689 2303 875 2379 praepositio
897 2302 1007 2361 falsam
1027 2303 1130 2362 sedern
1154 2324 1242 2361 oceu-

133 2414 224 2492 pavit.
278 2415 383 2470 Uanris
409 2428 470 2466 vox
498 2407 660 2465 rnolossiea
691 2406 772 2486 quod
801 2407 914 2487 duplici
936 2418 1063 2470 accentu
1084 2411 1245 2488 insignitur

134 2540 168 2578 ea
188 2517 312 2599 quidem
337 2515 427 2588 sede,
456 2535 516 2573 non
538 2515 644 2571 maiori
671 2515 829 2575 offensioni
856 2525 917 2592 est,
947 2537 1037 2597 quam
1060 2516 1139 2596 quod
1163 2514 1257 2575 idem

132 2626 226 2686 Varro
250 2626 281 2683 in
301 2623 420 2683 senario
441 2619 515 2678 dicit
536 2625 685 2675 Pnouarart
710 2622 746 2679 fr.
766 2633 782 2683 5

283 2728 367 2788 Leuis
388 2745 467 2785 meas
489 2745 644 2799 nrcmqaam
667 2728 839 2785 somrrurrros
861 2730 999 2803 imdpiaes

282 2835 419 2909 Adfatur,

134 2943 182 3003 ubi
199 2943 311 3003 iniuria
329 2939 464 3000 nonnulli
487 2938 525 2998 de
545 2956 718 2997 somnuruus
740 2939 889 2998 vocabulo
913 2940 1102 3001 dubitarunt:
1127 2963 1183 3000 neo
1206 2947 1243 2999 le-

134 3055 172 3110 uis
192 3058 278 3111 recte
297 3047 439 3108 videntur
459 3046 632 3124 accepisse,
658 3044 739 3122 quod
762 3046 930 3105 cavendum
953 3057 999 3107 est
1027 3070 1064 3106 ne
1087 3050 1154 3126 quis
1178 3068 1244 3106 cum

133 3175 210 3216 meas
238 3156 418 3231 coniungat:
448 3153 487 3212 ad
513 3157 651 3227 imapines
681 3152 759 3209 enim
784 3151 912 3210 relatum
938 3154 1035 3213 fluxas
1063 3156 1244 3213 somniorum

134 3263 253 3342 species
281 3259 430 3336 designat.
482 3259 549 3316 Nec
575 3258 733 3317 latinitatis
759 3260 873 3337 peritus
905 3259 1044 3318 haerebit
1072 3261 1102 3318 in
1130 3259 1250 3338 duplici¹

134 3365 284 3447 epitheto,
319 3363 440 3446 quando
468 3365 499 3422 in
533 3384 622 3424 unam
649 3365 803 3422 notionem
830 3373 939 3424 colunt
967 3365 1045 3424 haec
1071 3385 1245 3424 somateraas

132 3477 282 3547 imapines,
300 3490 423 3550 prorsus
448 3478 482 3528 ut
504 3491 559 3529 nos
580 3470 706 3530 dicimus
730 3474 830 3530 leiebte
855 3472 1078 3543 Truumpebilde.
1113 3473 1163 3530 De
1186 3491 1246 3550 qua

133 3577 263 3658 duplicis
288 3576 416 3655 epitheti
440 3578 555 3636 ratione
577 3578 726 3655 qrraedam
748 3576 915 3647 subtiliter,
943 3584 976 3634 ut
1002 3575 1095 3646 solet,
1124 3575 1243 3634 Nakius

132 3682 170 3743 ad
197 3682 355 3742 Valerium
385 3683 531 3742 Catonem
559 3704 589 3762 p.
615 3694 668 3747 ‘283
696 3684 870 3764 disputavit,
915 3682 963 3740 Ex
991 3701 1027 3741 eo
1057 3701 1171 3758 genere
1199 3690 1245 3740 est

131 3791 214 3851 Flori
237 3788 408 3867 exemplum
431 3785 473 3867 (p.
497 3806 563 3846 xnn
588 3798 621 3850 16
642 3788 761 3865 lahni),
784 3790 944 3869 praeclara
964 3788 1117 3865 Schopeni
1143 3807 1243 3846 ernen-

131 3898 254 3957 datione
276 3895 461 3956 restitutum:
479 3898 605 3967 primum
628 3897 754 3954 Siciliam
776 3901 894 3956 nobilem
917 3899 974 3954 uidi
994 3900 1174 3953 domesticam
1197 3897 1245 3951 Ce-

131 4010 207 4064 reris
225 4007 329 4074 sedem,
352 4003 453 4061 deinde
477 4002 593 4071 Creten,
617 4021 683 4059 cum
705 4002 736 4059 in
761 4001 866 4062 codice
885 4002 1034 4083 scribatur
1057 4003 1177 4058 Cereris.
1201 4018 1244 4057 se-

130 4115 254 4170 eundum
283 4086 402 4167 deinde:
430 4126 520 4184 quam
546 4107 655 4166 iniuria
682 4110 788 4187 opinor
810 4107 847 4167 0.
870 4109 995 4167 Iahnius
1025 4107 1155 4185 sprevit,
1185 4126 1244 4162 non

130 4224 216 4276 recte
238 4235 338 4295 neque
362 4235 379 4274 e
401 4233 492 4273 sensu
519 4215 649 4273 auctoris
673 4213 708 4272 O.
729 4213 869 4272 Halmius
893 4213 1025 4290 accepit:
1050 4213 1146 4270 voluit
1166 4211 1245 4268 enim
1350 4281 1353 4287 ι

129 4319 214 4381 haud
251 4319 343 4380 dubie
373 4323 492 4378 nobilem
525 4324 706 4379 domesticum
741 4325 835 4378 sedem
871 4319 1021 4394 coniungi.
1074 4315 1136 4376 Sed
1164 4314 1246 4393 quod
