2760 4890
563 335 820 398 centaurium.

305 493 350 552 VI
372 489 431 569 (11)
487 493 582 549 Vale'te
605 511 704 565 meque
723 493 861 565 potaculis
880 497 1049 565 producite!

137 613 188 671 Sic
216 612 295 671 enim
323 617 405 669 recte
433 610 570 686 Scaliger
598 610 665 667 loce
688 610 768 668 infra
794 610 916 669 citando
946 631 1058 686 meque,
1088 635 1156 673 cum
1179 615 1248 675 libri

135 717 227 776 Nonii
256 714 298 796 (p.
320 725 387 788 372,
409 714 456 792 29)
486 722 513 772 et
539 733 581 772 mc
614 713 796 773 exhibeant:
831 715 913 795 quod
936 715 1060 777 Oehleri
1088 719 1126 779 de
1152 729 1247 781 metro

136 824 282 881 incuriam
304 843 365 881 non
385 821 521 881 offendit.

219 929 349 987 Tantum
381 935 442 999 est,
473 929 552 1006 quod
580 926 618 985 de
643 929 759 1007 priore,
794 947 884 1007 quam
907 929 1094 1004 significavi,
1124 944 1245 994 saturae

134 1043 266 1112 parte-e
295 1033 430 1110 reliquiis
462 1035 613 1112 expiscari
636 1036 737 1094 licuit:
772 1035 856 1093 cuius
879 1036 975 1113 partis
998 1035 1131 1096 indolem
1157 1060 1247 1118 quam

134 1160 195 1198 non
217 1140 375 1216 agnoverit
398 1138 566 1213 Oelrlerus,
595 1141 646 1200 vel
668 1141 740 1200 inde
763 1147 905 1218 apparet,
936 1141 1017 1219 quod
1045 1141 1137 1216 haec,
1167 1165 1245 1223 quae

134 1244 249 1302 ineunti
268 1253 388 1304 saturae
408 1238 639 1319 vindicavimus,
659 1248 829 1324 fragmenta
847 1266 1009 1325 perperam
1021 1245 1162 1306 admixtis
1180 1249 1247 1307 aliis

134 1351 165 1407 in
188 1351 248 1409 fine
269 1352 423 1430 apposuit:
454 1371 637 1430 quamquam
659 1352 690 1409 in
709 1373 746 1411 ea
764 1373 798 1411 re
817 1351 954 1430 quidem,
977 1354 1008 1410 in
1026 1354 1153 1431 singulis
1175 1355 1248 1414 licet

134 1456 328 1515 multifariam
340 1455 493 1528 aberrans,
505 1456 894 1536 AusoniusPopmasanum
901 1457 1047 1518 iudicium
1052 1460 1245 1539 probaverat.

220 1561 348 1621 Centum
374 1562 482 1621 musici
505 1561 677 1620 auditorum
702 1562 825 1624 diversa
847 1564 1036 1624 diversorum
1058 1566 1171 1626 iudicia
1195 1588 1245 1627 ex·

134 1667 258 1744 cipiunt.
301 1669 386 1727 Inter
405 1687 481 1746 qnos
502 1675 564 1739 est,
587 1670 638 1746 qui
657 1669 757 1742 illum,
782 1671 863 1750 quod
885 1691 945 1730 nou
968 1671 1007 1730 ad
1029 1672 1205 1751 psalterium
1230 1694 1246 1731 e

132 1773 235 1830 iocoso
258 1793 294 1832 ac
318 1773 415 1834 dicaci
436 1795 549 1852 genere
573 1773 694 1832 carmen
715 1775 883 1850 protulerit,
906 1778 938 1835 in
957 1777 1037 1835 hunc
1059 1777 1180 1836 modum
1200 1800 1245 1838 re-

131 1879 316 1956 prehendat:

239 1998 301 2056 VII
321 1996 380 2076 (19)
430 2002 528 2072 Neque
551 2000 788 2071 drtbopsalticum
812 2000 906 2057 attulit
923 2003 1105 2072 psalterium,

437 2107 544 2175 Quibus
565 2112 670 2168 sonant
689 2109 720 2161 in
739 2106 862 2163 Grae'cia
882 2107 1013 2165 dicte'ria.

131 2240 213 2298 Hinc
230 2248 277 2298 est
291 2240 380 2312 enim,
400 2239 482 2319 quod
495 2259 586 2317 supra
599 2239 771 2318 suspicatus
786 2239 851 2313 sim,
871 2243 1017 2300 musicum
1032 2243 1156 2302 elatiore
1172 2264 1245 2322 quo-

133 2345 202 2403 dam
231 2367 267 2404 ae
295 2345 469 2405 sublimiore
497 2346 630 2404 carmine
660 2345 838 2405 defunctum
865 2366 944 2405 esse.
989 2349 1128 2406 Dicteria
1156 2350 1245 2420 enim,

131 2451 175 2509 illi
199 2473 277 2531 quac
301 2458 507 2532 opponuntur,
531 2450 679 2530 quidquid
701 2450 740 2510 de
763 2451 878 2527 origine
901 2454 987 2511 vocis
1009 2457 1166 2529 statuitur,
1192 2456 1244 2515 du-

131 2555 221 2616 bitari
248 2536 353 2637 nequit
385 2560 458 2638 quin
484 2560 586 2618 iocose
615 2577 650 2615 ac
673 2557 754 2616 salse
779 2555 862 2616 dicta
883 2559 1055 2635 significent
1083 2583 1135 2635 ea,
1166 2583 1244 2641 quae

133 2662 261 2722 Graecis
282 2657 443 2741 oaoippuroe
466 2675 544 2724 sunt.
589 2663 740 2724 Martialis
762 2664 877 2736 17144,
900 2675 918 2727 3

335 2803 469 2860 Omnibus
490 2803 620 2858 arrides:
644 2803 765 2857 dicterio
787 2803 858 2858 dicis
877 2805 907 2858 in
926 2820 1030 2860 omnes,

132 2933 181 2996 Of.
204 2934 342 3013 Scaliger
363 2937 396 2995 in
415 2936 573 2996 Manilium
597 2932 659 3013 (ed.
675 2933 819 2993 Heidelb.
834 2956 861 2994 a.
880 2936 958 3014 1590)
980 2959 1009 3017 Ρ.
1026 2946 1075 3000 367
1097 2947 1127 2997 et
1139 2938 1171 2995 in
1186 2938 1243 2997 Oa-

130 3039 238 3098 tullum
266 3038 348 3119 (nov.
373 3042 422 3103 ed.
445 3043 596 3122 Antverp.
629 3039 709 3118 1582)
737 3063 768 3121 Ρ.
797 3047 839 3102 17.
894 3040 985 3119 Quod
1013 3044 1245 3102 instrumentum

131 3149 263 3207 musicus
290 3150 339 3208 hic
358 3151 566 3211 Varronianus
596 3147 698 3206 cantui
725 3145 911 3219 adhibuerit,
946 3150 1095 3207 nescitur:
1130 3147 1244 3227 psalte·

129 3255 222 3327 rium,
246 3275 305 3333 quo
328 3255 464 3314 comitari
484 3274 541 3314 sua
557 3254 669 3315 Graeci
686 3253 813 3313 dicteria
824 3253 966 3327 soleant,
990 3274 1050 3313 non
1066 3253 1160 3310 fuisse
1171 3294 1185 3323 ‚.
1201 3251 1245 3309 illi

130 3380 237 3419 versus
261 3359 374 3419 dicunt.
418 3361 617 3433 Psalterium,
654 3359 692 3420 de
720 3382 779 3440 quo
806 3359 879 3419 vide
906 3369 1043 3420 veterum
1071 3358 1245 3418 testimonia

131 3465 212 3544 apud
234 3466 271 3524 L.
293 3466 402 3525 Ianum
428 3468 460 3525 in
480 3465 667 3526 Macrobium
694 3467 757 3526 vol.
783 3467 816 3524 ΙΙ
837 3488 867 3545 Ρ.
892 3477 956 3538 319,
986 3486 1053 3524 cum
1076 3464 1173 3523 Varro
1197 3483 1243 3519 or-

129 3571 345 3651 thopsalticum
363 3579 454 3632 vocat
476 3569 545 3649 (neo
562 3573 641 3630 enim
659 3581 732 3650 puto
753 3571 836 3630 aliud
853 3572 950 3631 latere
968 3572 998 3629 in
1020 3591 1055 3630 eo
1074 3568 1155 3648 quod
1175 3566 1244 3626 libri

129 3680 222 3737 Nonii
240 3700 270 3757 Ρ.
292 3688 352 3751 101,
375 3690 388 3740 l
411 3678 534 3737 tradunt
552 3681 826 3752 orthopsulticium),
849 3698 910 3735 non
929 3677 1004 3735 illud
1025 3676 1062 3735 ab
1083 3674 1142 3734 alio
1161 3675 1242 3754 psal-

130 3787 273 3844 teriorum
295 3775 408 3862 genere
431 3784 575 3861 distingui
596 3783 709 3856 voluit,
735 3783 790 3842 sed
811 3785 938 3843 ornandi
949 3804 1053 3847 ,causa
1074 3802 1112 3841 ex
1133 3783 1242 3840 instru-

129 3893 222 3950 menti
245 3893 341 3969 figura
368 3889 486 3949 addidit
509 3889 665 3968 epitheton
690 3909 751 3946 non
774 3889 918 3968 simplex,
949 3873 1036 3970 quod
1059 3886 1241 3959 sufficiebat,

129 3987 240 4072 ὀρθόν,
262 3996 317 4056 sed
338 3999 535 4076 compositum
556 3984 781 4074 ὀρθοψαλτικόν
800 3994 830 4054 h.
848 4016 873 4054 e.
896 4005 1029 4055 erectum
1049 4015 1176 4065 conane,
1200 3994 1243 4050 ita

130 4110 354 4178 comparatum,
376 4111 488 4160 utnon
505 4103 630 4161 multum
650 4123 668 4160 a
683 4101 813 4180 simplici
834 4101 955 4160 differre
977 4102 1127 4175 videatur.
1167 4101 1241 4157 For-

130 4229 208 4265 mam
228 4217 345 4279 autem,
368 4227 429 4287 qua
444 4209 536 4279 nitor,
560 4208 697 4287 psalterii
718 4207 798 4286 quod
815 4206 966 4266 Oelrlerus
985 4208 1044 4265 hoc
1062 4206 1155 4262 latine
1173 4204 1240 4262 red·

131 4315 193 4371 dito
211 4315 360 4371 ‘Dionis
376 4313 645 4393 Chrysostomi
660 4315 697 4372 in
711 4313 910 4373 Protheos.
928 4312 972 4371 ad
992 4312 1139 4370 Psalm'
1157 4311 1239 4368 loeo:
