2760 4890
730 1123 790 1206 VI

276 1343 364 1402 ,Cum
387 1352 558 1411 Sasouiotixa
582 1354 615 1403 ut
638 1352 834 1424 componatur

575 1502 580 1509 “
662 1495 848 1547 BIMARcus
876 1570 879 1587 ι

202 1635 254 1693 vel
281 1634 488 1714 inscriptionis
510 1635 650 1710 cognatio
674 1635 793 1698 suadet.
837 1632 955 1711 Quibus
976 1632 1079 1711 lepide
1104 1633 1246 1693 formatis
1269 1654 1322 1692 no·

202 1738 331 1798 minibus
353 1740 501 1818 adiungas
522 1761 583 1799 non
609 1741 732 1821 quidem
751 1748 913 1798 Termessos
936 1738 1163 1819 Varronis,-de
1182 1758 1243 1818 quo
1263 1759 1322 1796 non

202 1853 285 1905 recte
308 1845 454 1904 iudicavit
475 1846 603 1904 Rothius
628 1847 666 1905 de
689 1849 754 1906 vita
768 1846 914 1906 Varronis
936 1866 968 1924 p.
987 1856 1030 1920 18,
1047 1843 1103 1904 sed
1118 1843 1321 1903 Trimalchio·

201 1973 271 2012 nem
293 1953 438 2024 Petronii.
484 1952 577 2013 Cuius
600 1953 796 2012 similitudine
820 1951 927 2010 ductus
950 1952 1049 2031 possit
1068 1949 1179 2029 aliquis
1203 1953 1321 2008 Rimar-

200 2079 266 2134 pum
288 2059 318 2120 h.
341 2079 368 2118 e.
389 2059 541 2139 duplicem
562 2058 735 2118 helluonem
753 2059 805 2118 vel
821 2077 992 2134 ganeonem
1006 2055 1232 2116 commendare.
1265 2055 1321 2116 Oui

147 2152 149 2157 ¹
201 2165 406 2244 inscriptioni,
431 2185 508 2244 quae
529 2165 599 2224 olim
618 2163 846 2241 Laurenbcrgio,
871 2163 902 2221 in
927 2162 1108 2242 Antiquario
1132 2171 1163 2222 et
1183 2164 1320 2242 Popmae

200 2269 354 2348 placebat,
379 2291 447 2329 cum
464 2271 580 2351 aliquot
595 2271 740 2352 reliquias
759 2269 990 2330 accommodare
1004 2268 1097 2328 liceat
1111 2269 1180 2339 (frr.
1196 2279 1224 2333 3.
1238 2278 1265 2331 4.
1278 2269 1319 2348 5),

200 2376 270 2434 libri
292 2385 394 2436 tamen
416 2398 476 2435 non
498 2379 719 2451 assentiuntur,
744 2378 795 2457 qui
817 2377 913 2437 semel
936 2384 1051 2435 tantum
1072 2375 1153 2436 Non.
1172 2398 1203 2456 p.
1221 2385 1273 2462 17,
1287 2385 1318 2451 17

208 2485 342 2557 Vinarpo
371 2483 508 2557 tradunt,
545 2485 654 2544 ceteris
676 2484 752 2542 locis
773 2481 909 2542 omnibus
942 2485 1075 2540 Vimarco
1097 2481 1148 2540 vel
1171 2457 1320 2554 Iiimarco,

200 2588 351 2647 tralaticia
373 2609 389 2647 v
410 2597 441 2647 et
463 2589 669 2677 blitterarum
691 2590 943 2662 commutatione,
965 2607 1149 2669 quamquam
1170 2610 1320 2649 memora-

200 2692 254 2779 bili
280 2693 450 2752 constantia
478 2695 595 2754 vicenis
616 2695 694 2754 binis
713 2696 893 2756 testimoniis
924 2699 1073 2766 Vimarco,
1096 2696 1180 2756 senis
1201 2705 1318 2756 tantum

200 2803 337 2857 Bimarco
360 2799 526 2859 exhibetur.
562 2801 727 2881 Duplicem
752 2796 855 2863 autem
870 2803 1008 2863 Marcum
1027 2822 1094 2860 cum
1116 2801 1319 2875 obtineamus,

202 2905 356 2984 quaeritur
384 2926 443 2985 quo
474 2906 571 2966 Marci
595 2928 706 2967 nomen
734 2911 894 2971 referatur.
938 2911 987 2968 De
1015 2929 1076 2988 qua
1103 2930 1136 2969 re
1165 2908 1318 2970 Oehlerus

199 3012 242 3069 ita
266 3009 433 3086 sentiebat,
466 3013 620 3073 Romanos
649 3016 780 3092 alonge
803 3016 1047 3097 frequentissimo
1068 3014 1166 3074 Marci
1188 3034 1317 3096 praeno-

118 3157 124 3164 ·
199 3119 278 3177 mine
300 3138 356 3197 per
373 3118 472 3178 iocum
488 3105 609 3180 Marcos
626 3121 785 3202 appellari,
805 3130 838 3180 ut
855 3122 1013 3181 Bimarcus
1029 3131 1193 3200 vocaretur
1207 3124 1245 3197 is,
1269 3121 1319 3200 qui

200 3236 230 3284 et
245 3227 365 3285 nomine
382 3235 412 3284 et
427 3226 527 3305 patria
543 3235 625 3286 esset
639 3227 763 3287 Marcus
777 3228 806 3286 h.
825 3249 852 3288 e.
866 3229 1031 3302 Romanus,
1051 3227 1243 3308 eandemque
1258 3228 1320 3287 vim

198 3333 326 3393 nominis
356 3332 387 3391 in
414 3338 572 3389 Micionem
602 3341 633 3391 et
660 3339 812 3390 Mincnosa
835 3355 999 3416 apparere,
1029 3335 1169 3393 nimirum
1191 3323 1317 3411 Μαρκό-

106 3474 109 3482 ‹
198 3443 285 3498 πολιν
308 3441 420 3500 festive
440 3439 538 3517 ipsam
561 3438 779 3518 rempublicam
802 3441 971 3499 Romanam
998 3440 1120 3513 vocari,
1146 3460 1183 3499 ac
1205 3439 1318 3500 Marci·

198 3568 312 3626 porem,
335 3546 416 3626 quod
438 3544 490 3603 ille
513 3564 574 3602 non
595 3543 670 3603 dixit
693 3554 808 3625 aperte,
832 3547 939 3606 eadem
959 3548 990 3606 vi
1006 3568 1128 3607 servum
1147 3546 1319 3605 Romanum

199 3652 342 3732 accipias
387 3651 430 3710 At
459 3670 531 3709 vero
555 3650 633 3709 haec
657 3651 800 3731 suspitio,
823 3674 901 3733 quae
924 3675 1021 3734 nuper
1043 3663 1204 3734 patronum
1226 3660 1318 3711 nacta

199 3766 245 3816 est
264 3757 476 3829 Mercklinum‚
500 3755 572 3814 mihi
594 3756 758 3816 abhorrere
779 3758 817 3817 ab
839 3759 960 3838 ingenio
983 3761 1130 3820 Varronis
1152 3768 1183 3818 et
1205 3759 1317 3817 Roma·

197 3882 304 3920 norum
325 3862 453 3921 videtur.
498 3863 593 3922 immo
617 3885 672 3922 nos
695 3884 763 3923 cum
785 3865 949 3926 viderimus
971 3869 1002 3926 in
1025 3853 1183 3947 plerisque
1206 3866 1317 3924 saturis

197 3970 335 4027 Marcum
350 3970 518 4029 Varronem
540 3971 639 4048 ipsum
661 3979 764 4049 partes
786 3971 946 4051 primarias
970 3975 1160 4045 sustinuisse,
1179 3992 1240 4031 non
1264 3971 1316 4030 du-

196 4074 327 4159 bitamus
347 4075 466 4133 illarum
486 4075 716 4156 inscriptionum
738 4080 873 4138 rationes
895 4079 933 4138 ab
957 4081 1051 4160 ipsius
1075 4080 1208 4138 auctoris
1225 4097 1316 4157 prae-

196 4181 317 4240 nomine
341 4191 496 4261 repetere:
519 4190 552 4239 ut
574 4175 775 4258 Mupao'aobv
794 4184 892 4244 Varro
916 4204 1048 4244 casensu
1068 4195 1099 4245 et
1121 4184 1245 4244 arbitrio
1261 4203 1317 4243 suo

198 4287 349 4347 conditam
378 4289 533 4348 civitatem
553 4287 704 4369 appellet,
735 4309 792 4348 nec
814 4289 912 4368 potuit
934 4290 1064 4370 lepidius
1085 4311 1197 4351 nomen
1219 4293 1247 4350 ei
1268 4312 1316 4350 sa-
