2760 4890
185 322 244 383 160
429 313 433 321 ’
611 331 870 383 censueramus.

181 495 266 555 velut
287 493 478 571 pavimenta,
503 491 701 565 emblemata,
738 491 814 565 alia,
844 491 920 550 nihil
941 499 1045 551 tamen
1066 494 1302 552 convenientius

182 600 304 661 invenio
332 616 422 676 quam
447 595 485 655 de
513 596 622 676 quibus
648 617 666 656 a
694 596 840 675 perdocto
862 599 959 656 amico
978 596 1159 671 admoneor,
1180 603 1303 658 lucanu-

182 711 245 765 riu:
268 702 493 781 eorundemque
514 703 633 782 pridem
651 702 790 781 Scaliger
813 703 1021 777 admonuerat,
1042 722 1111 763 cum
1133 703 1202 786 l..c.
1227 706 1302 763 scri·

66 820 72 829 '
182 810 291 870 bebat:
315 808 435 883 ‘Etiam
457 809 595 886 picturae
619 811 651 868 in
664 808 859 868 lactmaribus
873 806 1032 889 putandae:
1049 808 1206 869 dicuntur:
1230 808 1304 869 inde

182 914 439 984 maeandratum'‚
469 922 503 972 ut
530 913 639 972 mirere
664 915 856 992 scaligerum
878 914 937 974 hac
960 916 1187 995 opportunitate
1209 914 1302 974 desti·

181 1025 277 1082 tuisse
299 1020 467 1080 sollertiam
490 1018 682 1079 emendandi.
727 1020 839 1100 Itaque
861 1022 888 1080 si
909 1021 987 1081 haec
1010 1023 1099 1094 olim,
1122 1027 1157 1078 ut
1177 1028 1263 1099 puto,
1284 1041 1303 1079 a

182 1131 320 1191 Varrone
340 1127 454 1205 scripta
474 1128 610 1185 fuerunt:
635 1121 816 1205 περιέχοντα·
830 1125 1012 1205 [lucunu]rio
1029 1130 1100 1187 aas
1112 1129 1210 1201 facies
1225 1145 1302 1185 mue-

182 1241 308 1296 uadrutu
336 1243 363 1291 et
391 1236 591 1302 vermiculata,
619 1251 657 1290 ne
685 1232 769 1308 origo
792 1231 915 1312 quidem
938 1234 1128 1313 corruptelae
1150 1253 1304 1312 περιεχον.

182 1363 287 1421 ταριαν
309 1340 440 1421 peritum
470 1339 602 1414 effugiet.
647 1337 807 1397 Attamen·
824 1358 863 1397 ne
892 1341 937 1398 sic
965 1340 1086 1421 quidem
1115 1361 1241 1421 prorsus
1265 1360 1303 1398 eo

182 1453 352 1528 fragmento
382 1446 519 1505 defuncti
546 1464 658 1505 sumus.
708 1445 746 1502 In
780 1443 877 1504 altera
906 1446 988 1505 enim
1018 1450 1191 1508 sententiae
1212 1458 1303 1528 parte

184 1577 252 1616 cum
279 1553 393 1632 duplex
421 1547 571 1629 particula
592 1556 677 1610 etium
700 1555 771 1613 uduo
794 1550 970 1637 displiceat,
1004 1570 1131 1630 quarum
1153 1554 1303 1614 alterutra

184 1662 262 1741 (sive
281 1669 366 1734 utque
383 1665 468 1716 ctiam
491 1658 556 1717 sive
578 1667 663 1732 utque
686 1660 768 1732 adeo)
792 1656 974 1732 sufficiebat,
994 1666 1055 1717 tum
1077 1642 1304 1736 gradatio'ista

183 1790 201 1828 a
221 1766 424 1828 concinnitate
441 1764 594 1837 abhorret,
618 1782 678 1841 qua
690 1764 791 1840 potius
806 1759 978 1840 nequiquam
996 1765 1065 1822 voci
1081 1756 1163 1844 quod
1175 1787 1303 1846 respon·

184 1875 265 1947 dest,
283 1870 461 1950 requiritur:
478 1868 570 1948 idque
589 1869 687 1947 ipsum
700 1887 739 1926 cx
751 1873 908 1928 ettamuduu
922 1868 1048 1929 totidem
1058 1868 1169 1932 litteris
1182 1873 1302 1952 prodit:

181 1991 209 2040 et
227 1985 257 2038 in
278 1982 377 2037 modio.
413 1975 482 2054 Quo
500 1981 686 2053 recuperato.
704 1975 764 2034 iam
787 1974 883 2035 deleri
906 1985 992 2051 atquc
1012 1978 1143 2056 oportet,
1165 1978 1248 2058 quod
1265 1998 1304 2038 ex

182 2088 303 2146 vicinae
325 2083 411 2143 vocis
435 2083 621 2139 vermiculato
641 2082 724 2140 exitu
747 2091 844 2141 ortum
869 2102 938 2142 esse
961 2082 1120 2162 probabile
1146 2090 1201 2142 est
1237 2083 1301 2142 Ita·

183 2212 243 2275 que
270 2192 314 2250 sic
338 2188 458 2247 demum
480 2185 621 2250 videntur
642 2186 738 2247 verba
759 2188 904 2249 Varronis
928 2189 1098 2249 emendari:
1127 2184 1303 2267 περιέχοντα

184 2295 366 2375 [lucunu]ria
396 2297 466 2352 milri
489 2295 583 2368 facies
611 2299 802 2354 maeandrum
829 2304 857 2354 ct
876 2299 1079 2368 vermiculata,
1108 2304 1137 2354 at
1156 2299 1186 2354 in
1210 2300 1301 2355 medio

179 2409 281 2480 ptnpes
316 2406 411 2460 orbem
440 2410 546 2459 terroe.
593 2400 701 2479 Atque
732 2401 803 2460 huic
831 2400 869 2460 de
896 2401 1092 2482 laquearibus
1127 2401 1301 2461 artificiosis

183 2510 352 2569 sententiae
382 2509 514 2566 fortasse
544 2505 680 2566 eiusdem
707 2507 985 2586 comprehensionis
1008 2506 1122 2568 ambitu
1144 2508 1182 2568 fr.
1203 2507 1301 2567 XVII

183 2614 338 2673 adhaesit:
367 2603 553 2690 laudemauro
576 2611 742 2687 pauimenta
765 2621 793 2670 ct
814 2617 943 2687 parietes
966 2618 1142 2673 incrustatos
1163 2628 1206 2671 sc.
1226 2611 1300 2671 mihi

182 2720 294 2793 facies,
329 2727 362 2777 ut
388 2739 488 2800 supra.
525 2713 708 2796 λιθόστρωτα
735 2718 841 2778 Iunius
865 2721 1016 2780 correxit:
1050 2719 1119 2800 libri
1140 2740 1171 2799 p.
1195 2729 1260 2792 129,
1278 2729 1302 2782 ‘3

121 2861 123 2864 <
182 2829 393 2905 μεθοστροστα.
435 2829 484 2887 De
508 2848 569 2909 quo
591 2845 705 2905 genere
724 2826 966 2905 pavimentorum
988 2826 1059 2887 vide
1074 2825 1209 2887 Beckeri
1225 2825 1299 2886 Gal·

181 2932 244 2991 lum
271 2933 305 2991 II
327 2953 358 3011 p.
381 2941 433 2998 206
459 2942 539 3014 etp.
562 2943 623 2997 208.
668 2917 851 2990 Incrnrtutos
877 2930 1123 3009 Laurenbergius
1152 2928 1193 2992 in'
1210 2932 1299 2991 Anti·

183 3038 288 3118 quario
308 3057 333 3096 s.
347 3057 395 3113 v.;
420 3038 489 3098 libri
511 3049 667 3108 crustatus,
691 3036 772 3095 unde
793 3037 900 3095 lunius
924 3048 1084 3097 crustatos:
1104 3037 1160 3098 sed
1174 3039 1208 3096 in
1222 3037 1298 3096 lem-

182 3154 263 3203 mate
286 3121 380 3203 Norlii
409 3154 455 3205 est
483 3149 675 3204 incrustatum
698 3150 729 3202 et
755 3143 799 3200 sie
820 3145 943 3222 saepius
966 3146 1063 3205 Varro
1085 3141 1298 3204 rerum‘rusti·

108 3300 112 3305 .
183 3270 285 3309 carum
305 3251 356 3310 ΙΠ
379 3261 421 3324 14,
443 3263 470 3314 5.
495 3262 538 3324 15,
559 3262 585 3312 l.
629 3249 679 3310 De
700 3250 875 3333 incrustatis
893 3251 1059 3330 partetibus
1079 3250 1152 3319 ride
1169 3250 1301 3311 eundem

181 3359 354 3418 Beckerum
375 3357 398 3419 l.
424 3378 449 3421 c.
473 3378 503 3436 p.
526 3366 587 3419 ⁴211.
612 3367 678 3432 271,
703 3357 742 3416 cf.
766 3367 827 3421 213.

266 3517 354 3574 Haec
380 3523 481 3574 autem
507 3514 566 3573 duo
591 3516 762 3592 fragmenta
790 3523 919 3594 apparet
945 3534 1024 3574 nunc
1057 3533 1116 3593 quo
1139 3515 1206 3573 iure
1226 3535 1298 3575 eon·

163 3624 306 3682 'iunctim
331 3620 624 3694 adnexuerim‘illis‚
654 3621 764 3700 quibus
790 3623 892 3701 prisca
914 3618 1097 3680 aedificandi
1118 3619 1298 3699 simplicitas

183 3728 361 3807 depingitur.
391 3727 523 3800 Pridcm,
542 3728 640 3786 Varro
656 3729 707 3801 ait,
726 3728 841 3787 abolita
861 3729 917 3788 illa
932 3728 1088 3804 modestia,
1107 3744 1188 3783 nunc
1205 3724 1299 3802 vulgo

182 3834 348 3892 architecto
371 3834 447 3893 talia
460 3835 662 3912 imperantur:
686 3835 883 3894 maeandrata
895 3832 1052 3892 lacunaria
1065 3829 1138 3889 mihi
1153 3831 1252 3889 facies
1269 3838 1299 3889 et

183 3933 365 4016 laboureurs:
389 3941 564 4017 pavimenta
590 3948 622 3998 et
648 3940 767 4020 reliqua
792 3940 946 4018 deinceps
990 3939 1039 3997 De
1060 3955 1095 3995 eo
1114 3951 1189 3994 vero
1213 3937 1297 4014 pavi-

181 4054 349 4104 mentorum
370 4065 484 4122 genere
508 4048 599 4105 etiam
622 4048 828 4106 continuatam
850 4045 944 4104 fuisse
968 4041 1204 4122 disputationem
1226 4043 1296 4115 hae,

182 4172 258 4232 quas
280 4154 433 4232 proximas
455 4153 552 4231 posui,
575 4152 722 4234 reliquiae
745 4161 890 4231 arguunt:

266 4309 378 4370 XVIII
402 4306 461 4387 (19)
489 4310 547 4366 Sed
573 4327 648 4382 qaue
675 4315 831 4368 necessitas
859 4319 886 4368 te
915 4313 990 4368 iubet
1015 4329 1120 4383 aquam
1135 4307 1298 4383 'effundere
