2760 4890
560 304 817 359 CONIEOTANEA.

175 466 192 525 I
212 464 378 545 (1106111.)
439 468 495 537 Qud
510 467 680 542 fibularum
702 471 844 528 edllocaat
863 472 996 529 eudrdia.

175 603 209 661 II
227 601 286 680 (15)
441 603 592 662 Foudscus
615 608 731 674 adsum,
755 608 831 664 abeis
851 606 1057 665 suscitdbulum

440 709 680 784 Cuatdatiumque
699 711 795 786 qa'llus
815 711 1003 787 qalliadceus.

175 844 225 903 ΠΙ
242 842 301 921 (14)
437 847 528 902 Pacui
548 848 707 919 discipulus
729 850 824 918 dicor,
847 866 938 921 porro
960 849 1064 922 isfuit
1085 850 1171 918 Enni,
1200 858 1203 863 '
1243 910 1248 917 ⁴

487 952 595 1007 Euuiu'
620 951 789 1022 Musarum,
812 955 970 1026 Pompilius
992 957 1098 1011 clueor.

175 1088 220 1148 IV
240 1085 299 1165 (16)
440 1087 472 1142 Si
493 1085 558 1158 quis
580 1083 723 1166 μελῳδεῖν
750 1074 854 1146 ..ἐστ’
877 1079 946 1159 ὄνος
970 1080 1060 1166 λύρας

437 1193 633 1266 Praesdpibus
655 1210 685 1250 se
708 1194 831 1253 retineat
850 1180 1031 1270 foi-diesibus,

214 1262 219 1273 ι

174 1315 203 1374 V
220 1312 279 1392 (17)
438 1315 546 1383 Quibus
567 1332 649 1372 suam
672 1320 792 1375 dele'etet
816 1322 878 1391 ipse
901 1323 1040 1379 amdsiam

438 1423 477 1478 Et
500 1421 662 1480 duiditatem
684 1422 817 1495 spdribus
839 1421 925 1479 laete't
947 1427 1017 1481 suis.

219 1556 339 1616 Primus
364 1575 467 1614 eorum
488 1575 632 1615 versuum
657 1557 756 1636 potuit
780 1556 839 1614 hoc
869 1557 935 1616 fere
963 1578 1044 1617 nexu
1067 1561 1139 1619 olim
1166 1562 1251 1638 legi:

134 1684 152 1721 a
174 1661 327 1740 prooemio
358 1661 515 1734 exordiar,
546 1671 579 1719 ut
606 1663 651 1720 illi
674 1665 730 1733 Qui
752 1664 921 1737 fabularum
951 1669 1091 1725 collocant
1115 1673 1252 1726 exordia.

133 1767 215 1827 Malo
236 1768 315 1827 enim
334 1767 365 1824 in
381 1786 416 1825 eo
437 1767 565 1845 prologo
583 1768 782 1826 imitationem
804 1771 1013 1829 scaenicorum
1024 1773 1125 1850 potius
1139 1793 1252 1850 agnos-

135 1896 204 1935 cere
240 1895 331 1954 quam
359 1873 618 1946 citharoedorum,
655 1873 694 1932 de
722 1895 848 1953 quorum
876 1875 1039 1953 prooemiis
1070 1877 1178 1937 Oicero
1211 1879 1251 1938 de

134 1990 254 2041 oratore
273 1981 306 2039 ΙΙ
321 1989 371 2053 80,
398 1989 466 2042 325:
489 1996 632 2039 coueuum
652 1989 746 2037 autem
761 1985 801 2038 ita
817 1986 854 2040 sit
869 1985 1046 2054 principium
1063 1987 1253 2054 consequenti

133 2093 271 2158 aratioui,
302 2096 333 2145 ut
355 2105 410 2143 mou
431 2093 576 2159 tamquam
597 2089 759 2146 citharaedi
776 2091 956 2161 prooemium
978 2088 1110 2161 afflatum
1133 2089 1254 2160 aliquod

132 2199 184 2253 sed
204 2197 363 2253 cobaereus
387 2211 451 2249 eum
473 2197 550 2250 omui
570 2212 693 2266 corpore
716 2198 871 2252 membrum
894 2213 956 2254 esse
978 2199 1117 2253 uideatur.
1164 2192 1250 2252 ‘001-

132 2301 234 2359 locare
253 2298 390 2358 exordia'
408 2297 482 2356 dicit
498 2318 566 2357 cum
581 2309 646 2360 arte
663 2301 840 2380 disponere:
861 2299 1114 2380 quemadmodum
1128 2298 1251 2374 (licem,

133 2415 166 2465 ut
187 2408 218 2464 in
241 2415 360 2464 oratore
380 2414 431 2476 ut,
451 2413 502 2477 80,
527 2406 629 2464 etalii
652 2406 883 2465 collocationem
904 2406 1066 2466 verborum
1088 2414 1250 2484 usurpant.

133 2513 231 2572 Varro
262 2522 363 2570 autem
390 2510 463 2569 alibi
493 2531 613 2590 quoque
642 2511 680 2570 de
707 2532 837 2571 scaenae
865 2513 971 2572 rivulis
998 2531 1083 2571 suam
1110 2511 1255 2588 irrigavit

134 2637 252 2690 aream,
275 2619 362 2675 utin
385 2636 422 2674 ea
445 2626 564 2688 satura,
588 2617 637 2675 cui
658 2617 750 2694 vulgo
776 2624 873 2674 Graan
894 2623 961 2672 Π111
982 2623 1092 2675 sponsor
1109 2618 1251 2677 inscribi·

133 2734 198 2794 tur,
219 2724 251 2781 hi
271 2744 394 2802 prorsus
412 2726 451 2785 ad
473 2744 603 2785 scaenae
626 2744 740 2782 morem
761 2723 835 2782 facti
852 2741 959 2781 versus
977 2723 1134 2798 leguntur:

293 2881 402 2952 Vosque
426 2880 456 2935 iu
478 2882 591 2937 tbeatro
611 2879 663 2950 qui
684 2880 855 2949 uoluptatem
877 2878 997 2933 auribus

288 2987 354 3042 Huc
376 2989 552 3059 ritieupulum
576 2983 803 3043 educamus-aistis
825 2987 915 3052 domo,

285 3091 404 3161 Adeste,
428 3100 455 3148 et
478 3112 495 3148 a
515 3108 559 3148 me
581 3093 657 3165 quae'
674 3093 772 3164 seram
793 3095 832 3148 mi
850 3093 985 3165 qudscite,

285 3199 405 3254 Domum
428 3199 460 3253 dt
480 3185 586 3269 feratis
608 3199 626 3254 e'
647 3201 759 3255 tbeatro
783 3199 904 3255 litteras.

132 3343 220 3400 Mitto
243 3360 338 3412 nunc,
377 3359 455 3419 quae.
478 3341 509 3397 in
532 3340 579 3398 his
604 3341 742 3400 versibus
765 3341 925 3399 offensioni
949 3343 1023 3412 sint,
1053 3348 1123 3398 sunt
1146 3350 1253 3400 autem

134 3447 284 3526 quaedam
312 3445 445 3504 nondum
470 3444 509 3503 ad
537 3445 683 3523 liquidum
712 3446 877 3525 perducta:
913 3445 944 3503 id
970 3465 1060 3503 unum
1089 3447 1120 3503 in
1150 3455 1252 3506 trans-

133 3576 223 3614 cursu
245 3552 430 3624 admonebo,
460 3571 499 3609 116
521 3551 654 3609 indicem
675 3551 797 3629 quidem
820 3554 884 3611 eius
908 3561 1029 3610 saturae
1047 3551 1140 3627 vulgo
1165 3562 1252 3611 reete

133 3660 233 3719 scribi.
279 3661 398 3739 Nempe
426 3658 485 3717 duo
514 3679 552 3717 ex
581 3677 618 3715 ea
647 3657 818 3733 fragmenta
840 3659 957 3718 Nonius
980 3658 1106 3717 tradidit
1133 3658 1182 3717 his
1205 3660 1251 3718 in-

132 3767 360 3846 scriptionibus:
397 3786 426 3843 p.
451 3774 517 3836 325,
547 3775 578 3825 15
613 3765 706 3822 Varro
732 3751 853 3837 qloriam
889 3761 956 3835 περὶ
986 3757 1123 3838 φθόνους
1166 3775 1197 3823 61
1220 3787 1250 3844 p.

134 3882 199 3946 148,
226 3885 255 3935 l:
292 3875 385 3930 Varro
408 3877 437 3926 m
458 3873 563 3943 qlorio,
599 3875 666 3944 peri
680 3880 767 3942 Ι1111111.Ι
802 3874 846 3930 sic
865 3873 945 3930 enim
964 3870 1007 3929 ibi
1030 3869 1164 3928 editores
1188 3871 1251 3930 Ba-

134 3979 297 4050 silcenses,
326 3976 377 4055 qui
401 3979 469 4048 peri
496 3985 571 4033 totou
599 3978 700 4056 priore
729 3985 739 4034 1
765 3977 889 4036 inducto
918 3976 1250 4051 Wolfenbuttclanum,

132 4089 196 4158 iper
218 4093 294 4141 talou
317 4082 501 4141 Leidensem
523 4082 666 4142 exhibere
690 4083 845 4144 adnotant.
891 4086 994 4164 Atque
1015 4084 1094 4142 hanc
1116 4084 1183 4142 eius
1204 4086 1250 4143 in-

132 4190 303 4268 scriptionis
328 4189 463 4267 speciem
486 4189 562 4248 adeo
591 4189 628 4249 ab
656 4189 710 4249 illa
732 4190 906 4270 discrepare
928 4191 1087 4250 cnm'olim
1108 4193 1251 4250 nonnulli

88 4287 90 4291 ’
132 4303 193 4352 turn
218 4315 314 4372 nuper
335 4297 377 4354 M.
398 4297 556 4354 Hertzium
582 4296 704 4375 (Berlin.
723 4301 823 4355 lamo.
846 4300 963 4372 [111111
986 4301 1061 4354 urit.
1083 4307 1151 4359 1845
1179 4299 1196 4357 Ι
1218 4321 1248 4378 p.
