2760 4890
438 398 441 402 .
528 339 785 389 corruentium.
1155 322 1214 388 129

97 510 187 561 turae
212 500 399 579 praefigere,
436 520 498 579 qua
518 496 586 577 περὶ
607 489 699 576 ἀρχῆς
721 518 792 557 suos
815 517 992 576 expromere
1014 518 1121 557 sensus
1146 519 1216 558 con-

97 610 250 668 stituerat.
265 595 267 603 ’
281 608 349 667 Nec
367 607 570 686 Marciporem
587 608 756 665 Romanum
778 605 834 664 sed
850 604 1073 665 Varronianum
1093 626 1215 665 servum

98 713 255 791 designat,
288 714 321 772 in
351 722 552 792 quaestura,
582 712 609 771 si
630 733 647 771 e
670 733 752 771 mero
773 711 860 770 titulo
885 709 922 770 de
946 720 1123 786 argumento
1144 732 1213 770 oon·

97 821 247 879 iacturam
274 820 378 879 facere
407 819 481 879 licet
511 818 594 898 (nam
622 840 639 879 e
668 817 805 899 reliquiis
833 815 909 875 nihil
931 815 1004 872 rnihi
1024 816 1128 894 paullo
1149 839 1213 876 cer-

97 926 158 985 tius
188 926 339 1005 dispicere
362 925 518 1005 contigit),
550 946 672 984 servum
694 946 710 983 e
733 944 817 991 more
839 922 979 1002 antiquo,
1006 941 1096 1001 quem
1119 924 1215 983 Varro

96 1051 320 1111 usquequaque
340 1032 549 1112 praedicabat,
574 1030 725 1109 depinxit:
749 1030 781 1089 id
804 1029 886 1109 quod
908 1030 1032 1106 antiquo
1056 1031 1137 1087 servi
1159 1049 1215 1088 no-

98 1139 180 1195 minc
200 1136 367 1214 significat,
395 1160 475 1219 quae
494 1139 617 1197 nomina
639 1137 700 1195 iam
721 1136 835 1195 abolita
858 1155 927 1194 esse
945 1136 1080 1215 queritur
1101 1134 1139 1194 de
1160 1136 1214 1194 lin·

98 1263 160 1320 gua
182 1243 279 1303 latina
299 1245 350 1304 IX
370 1255 421 1307 22:
450 1248 558 1316 Quotus
579 1249 699 1319 quisque
727 1249 785 1302 ium
810 1259 909 1301 servos
931 1245 1015 1309 iubet
1033 1247 1142 1315 priscis
1166 1263 1216 1323 uo·

99 1355 242 1409 minibus?
276 1351 387 1430 Itaque
409 1352 501 1411 etiam
522 1352 696 1411 Bimarcum
719 1358 816 1410 semet
835 1349 933 1426 ipsum
955 1350 1053 1410 Varro
1077 1349 1214 1428 appellu-

99 1459 161 1530 vit,
194 1457 310 1537 puriter
342 1467 434 1538 utque
460 1459 491 1517 in
511 1464 680 1525 SrsQuonxs
701 1457 802 1518 Ulixis
828 1475 967 1534 persona
982 1456 1118 1516 indutum
1140 1459 1216 1518 Var-

99 1584 206 1623 ronem
229 1564 419 1642 agnovimus.
446 1565 514 1625 Nec
534 1586 607 1625 vero
628 1564 721 1625 debet
739 1563 882 1622 minutius
905 1565 1022 1641 quaeri,
1044 1585 1135 1644 quarn
1154 1567 1217 1624 vim

99 1679 131 1729 ct
151 1670 304 1730 rationem
322 1669 376 1729 illa
398 1669 559 1749 duplicitas
587 1672 712 1731 habeat:
741 1671 880 1729 nimirum
903 1669 1036 1728 dandum
1058 1681 1105 1729 est
1126 1671 1157 1729 in
1180 1692 1218 1730 eu

58 1859 61 1864 Ι
98 1796 133 1835 re
155 1775 274 1855 aliquid
293 1777 361 1836 ioco
383 1796 420 1835 ac
440 1778 537 1856 lepori
560 1778 716 1839 Varronis.
755 1776 947 1855 Quamquam
965 1784 997 1833 ut
1018 1796 1080 1834 non
1101 1788 1216 1836 temere

98 1881 336 1963 sesquialterum
357 1884 456 1963 potius
479 1905 569 1965 quam
593 1886 722 1944 alterum
737 1881 863 1941 Ulixem
882 1882 1009 1953 effinxit,
1032 1881 1076 1940 ita
1093 1882 1216 1940 definito

97 1988 189 2049 huius
217 1997 340 2049 saturae
361 2000 538 2069 argumento
560 1991 719 2072 apparebit
740 2009 800 2047 non
818 1989 885 2046 sine
908 1989 1025 2047 ratione
1047 1987 1219 2048 Varronem

99 2114 135 2152 se
157 2103 230 2153 tunc
247 2094 403 2175 duplicem
424 2100 562 2159 Marcum
581 2118 649 2158 esse
671 2095 815 2155 voluisse.

185 2201 408 2279 Argumentum
440 2216 562 2267 saturae
594 2225 661 2264 cum
694 2202 747 2261 alii
776 2202 864 2261 aliter
891 2199 1102 2272 definiverint,
1135 2200 1217 2281 quod

98 2305 261 2387 probabile
288 2309 328 2397 sit
352 2331 442 2371 nemo
465 2320 623 2372 assecutus
643 2307 786 2367 videtur·
805 2309 848 2367 Ut
864 2308 981 2366 mittam
1001 2307 1130 2365 aliorum
1148 2326 1216 2364 sen-

97 2413 229 2488 tentias,
251 2415 408 2476 Mercerus
433 2439 500 2478 eam
528 2429 558 2478 et
580 2437 648 2478 esse
672 2422 702 2473 et
724 2413 849 2473 inscribi
876 2413 988 2472 debere
1011 2408 1078 2491 περὶ
1101 2405 1218 2493 τρόπων

98 2519 132 2578 in
152 2520 255 2587 Nonio
277 2541 331 2581 suo
354 2523 539 2600 significavit
560 2546 589 2604 p.
609 2534 670 2594 530,
691 2531 737 2582 21.
771 2520 820 2579 lbi
843 2519 922 2578 enirn
945 2539 1013 2577 cum
1029 2497 1217 2577 Basilicnses

100 2626 205 2687 esuis
227 2627 321 2707 copiis
343 2629 387 2688 ita
407 2626 544 2690 tradant:
568 2636 714 2705 nepotibus
731 2634 806 2687 duur
822 2632 983 2701 cepaticum
998 2629 1219 2699 sipuificautium

92 2738 173 2794 'nobe
200 2736 342 2806 bubera-
368 2738 462 2796 Varro
496 2738 643 2795 Vimurco:
676 2725 810 2813 (τρόπων
835 2724 961 2812 τρόπους
988 2738 1039 2807 qui
1059 2754 1116 2792 nou
1138 2722 1219 2811 ruodo

97 2844 269 2916 iunuruese'
293 2861 320 2901 e.
344 2863 374 2922 q.
398 2862 439 2915 s.,
453 2825 638 2915 'Mercerus‚
667 2841 770 2901 nescio
795 2839 999 2898 coniecturam
1021 2860 1061 2897 an
1083 2840 1219 2898 codicem

100 2953 244 3019 secutus,
275 2967 346 3006 nam
373 2948 404 3006 in
426 2930 644 3007 adnotatione'
644 2948 728 3021 silet,
757 2948 859 3006 locum
878 2946 922 3005 sic
941 2948 1085 3026 scriptum
1108 2946 1218 3007 edidit:

101 3055 261 3126 Nepotiuur
295 3057 369 3112 duur
405 3058 566 3129 cepaticum
598 3058 821 3129 sipirificuntium
854 3072 923 3113 noue
952 3057 1067 3114 babere.
1126 3058 1219 3115 Varro

109 3159 254 3229 Vinturco,
273 3155 341 3238 περὶ
363 3146 498 3238 cuditur:
518 3162 527 3190 ³
538 3161 617 3229 Quae
640 3180 697 3218 riou
711 3166 793 3219 modo
809 3161 971 3236 ipnorusse'
996 3180 1024 3219 e.
1039 3181 1070 3240 q.
1085 3182 1110 3221 s.
1139 3162 1218 3220 Mer-

40 3306 48 3322 .
103 3282 208 3323 cerum
229 3275 353 3338 secutus
375 3273 422 3325 est
443 3266 576 3344 Popma,
604 3266 764 3345 eidemque
785 3266 954 3325 sententiae
976 3285 1074 3343 nuper
1098 3266 1219 3325 Merck-

102 3370 185 3431 linus
208 3371 401 3452 subscripsit:
429 3372 555 3461 iniuria,
583 3372 609 3430 si
631 3370 703 3451 quid
723 3371 841 3446 iudico,
866 3374 958 3432 etiam
980 3374 1006 3431 si
1026 3372 1111 3444 illud,
1138 3371 1219 3452 quod

103 3495 166 3534 non
186 3460 346 3555 probabile
367 3487 414 3538 est
433 3478 515 3550 mihi¹
537 3477 569 3535 in
591 3477 697 3536 codice
718 3478 820 3557 aliquo
836 3479 991 3538 inventum
1007 3478 1108 3536 fuerit.
1140 3477 1220 3534 Nam

104 3600 174 3641 cum
195 3582 247 3641 vix
266 3582 412 3643 credibile
435 3583 490 3656 sit,
512 3583 645 3642 Nonium
669 3583 733 3642 eius
756 3590 888 3657 saturae,
913 3604 1005 3664 quam
1025 3581 1128 3641 tricies
1151 3581 1219 3641 sim-

102 3688 179 3768 plici
197 3688 332 3749 Bimarci
352 3690 473 3748 nomine
495 3689 611 3762 laudet,
634 3690 730 3748 semel
751 3688 902 3769 duplicem
924 3689 1152 3768 inscriptionem
1167 3708 1220 3767 cp·

102 3793 259 3872 posuisse,
289 3805 352 3855 tum
377 3794 603 3875 inconsiderate
625 3796 702 3855 haec
724 3787 844 3874 cuditur
866 3788 992 3873 τρόπους
1014 3796 1123 3854 mutari
1142 3795 1222 3854 infru

105 3900 276 3979 apparebit.
321 3902 384 3962 Sed
411 3902 527 3961 licebat
548 3902 602 3975 eie,
624 3903 676 3981 qui
697 3898 765 3981 περὶ
788 3893 905 3980 τρόπων
927 3901 1006 3960 hanc
1027 3902 1153 3962 inscribi
1173 3923 1220 3962 sa-

105 4013 206 4079 turum
225 4006 397 4084 voluerunt,
417 4010 477 4069 alio
501 4018 531 4069 et
548 4008 672 4068 meliore
687 4008 731 4067 uti
746 4009 928 4081 testimonio,
950 4007 1031 4089 quod
1047 4008 1083 4066 fr.
1099 4018 1132 4069 14
1151 4028 1221 4087 sup·
1271 4024 1285 4091 p

103 4110 276 4190 peditatur:
299 4118 396 4174 ebrius
416 4134 454 4187 er,
477 4118 587 4186 Muree,
614 4118 756 4189 Odyssiuu
774 4118 848 4172 euim
871 4116 993 4172 Homeri
1014 4118 1159 4172 ruminari
1178 4118 1221 4170 iu-

103 4221 191 4292 cipia‚
215 4236 280 4278 cum
303 4216 370 4300 arpi
392 4211 510 4299 τρόπων
532 4225 710 4295 scripturum
733 4230 758 4277 te
781 4224 840 4278 scio
861 4225 1016 4294 receperis,
1039 4239 1222 4299 quamquam

104 4323 159 4384 vel
180 4344 221 4385 ex
240 4324 300 4385 lroc
320 4326 359 4388 fr.
380 4347 441 4386 non
464 4328 531 4406 plus
555 4326 656 4403 colligi
678 4326 875 4405 probabiliter
892 4334 1004 4405 potest,
1027 4344 1116 4405 quum
1140 4323 1222 4403 quod

156 4424 292 4491 Vama,
311 4426 394 4478 Coxr.
406 4443 436 4478 rn
448 4429 539 4481 Vnus.
554 4442 613 4477 aar.
999 4426 1018 4484 9
