2760 4890
556 50 812 172 couniamur.
1040 96 1069 135 ·’
1200 115 1236 175 ’41

131 289 281 355 versatus,
303 280 348 341 ita
365 281 555 362 plerumque,
578 288 621 354 ut,
643 287 777 341 securus'
791 273 925 343 devere
944 283 1097 344 sententia
1117 284 1243 366 scripto·

130 390 187 464 ris,
215 408 292 469 prae
313 389 429 467 ingenii
451 386 632 449 exsultantis
653 391 771 470 pruritu
793 391 997 472 quodcunque
1018 393 1050 452 in
1070 392 1182 467 solum,
1210 401 1244 453 ut

110 506 113 511 ’
130 497 223 569 aiunt,
237 496 411 568 coniiceret,
425 492 585 555 dummodo
600 497 715 574 ingenii
732 499 877 557 acuminis
892 497 1131 579 multiplicisque
1146 500 1244 559 scien·

129 605 205 678 tiae,
233 618 425 684 quererere
447 602 611 673 instructus
640 612 721 677 eret,
750 604 905 682 splendori
928 626 964 666 ac
986 605 1099 666 nomini
1121 604 1242 665 satisfa-

129 712 235 771 ceret?
260 710 410 770 Nimirum
426 709 470 768 ita
493 707 531 767 de
553 728 663 787 magne
684 712 750 770 viro
772 710 877 771 scribit
891 713 927 784 is,
951 712 1003 791 qui
1021 731 1061 771 ne
1082 711 1160 772 vidit
1176 714 1242 795 qui·
1300 776 1307 789 ‚

129 816 208 891 dem,
225 823 371 897 quantum
386 814 445 876 hae
458 816 604 875 Varronis
619 815 767 896 reliquiae
776 817 933 894 scaligero
948 817 1095 878 deberent
1112 852 1135 863 -
1151 818 1244 896 longe
1280 800 1284 809 Ι

111 906 210 983 'enim
222 921 367 1003 plurimos
382 934 507 996 versus,
531 942 608 1003 quos
628 943 717 984 neme
739 932 830 984 antea
851 944 960 985 versus
982 944 1050 985 esse
1065 933 1243 1003 agnoverat,

130 1029 247 1089 sollerti
268 1047 360 1088 manu
374 1027 515 1106 Scaliger
536 1030 651 1108 primus
675 1031 752 1090 eruit
773 1065 801 1073 -
830 1038 861 1090 et
877 1050 970 1112 saepe
990 1053 1065 1112 prae
1080 1053 1153 1093 auro
1170 1033 1243 1094 Sca·

129 1137 266 1216 ligeram
288 1136 394 1198 maluit
416 1134 543 1197 aliorum
565 1135 671 1196 sordes
694 1136 746 1195 vel
771 1156 857 1197 suam
876 1138 981 1198 iudicii
1002 1138 1244 1201 imbecillitatem

131 1243 283 1305 deaurare.
319 1245 370 1304 Ita
383 1247 424 1303 'ut
443 1264 542 1323 pauca
561 1243 605 1303 'de
624 1243 728 1302 'multis
751 1244 898 1319 delibem,
920 1265 997 1306 cum
1016 1253 1085 1306 Ham
1099 1257 1243 1309 horores

131 1350 167 1411 ir.
188 1361 206 1413 2
228 1337 367 1429 Scaliger
391 1351 424 1410 in
452 1352 656 1411 coniectaneis
683 1361 777 1431 p.·39
804 1352 962 1429 ingeniose
990 1361 1021 1413 et
1043 1357 1245 1419 emaculasset

133 1466 162 1518 et
180 1453 321 1518 versibus
344 1455 559 1536 descripsisset

281 1614 342 1671 Nec
363 1610 394 1668 in
410 1613 533 1685 potuero
555 1601 672 1686 my'stico
691 1611 811 1686 coquo'm
833 1612 939 1672 cernes

282 1717 391 1788 Quibus
412 1721 543 1778 satellem
565 1720 690 1793 serpere
714 1739 749 1778 ao
769 1720 877 1794 samem
901 1721 1017 1791 ventris,

134 1885 281 1949 Oehlerus
302 1887 490 1967 inquinatam
507 1889 607 1949 Nonii·
618 1889 793 1948 memoriam
813 1911 844 1969 p.
865 1898 930 1962 171,
954 1898 994 1977 14·
1006 1893 1171 1971 expressit:
1195 1911 1243 1952 ne-

135 2011 183 2069 que
207 1998 239 2053 tn
260 1998 381 2069 pulvere
406 1999 528 2071 mythico
552 1997 658 2070 (milico
679 1995 811 2075 Nonius)
835 2005 955 2071 coquum
978 2015 1083 2057 carnes
1105 2019 1132 2058 e.
1156 2020 1185 2078 q.
1208 2021 1244 2074 s.,

136 2099 266 2161 subiecta
292 2101 351 2160 hac
378 2101 588 2163 adnotatione:
624 2106 690 2164 ‘aec
714 2084 745 2163 a
767 2107 891 2180 polubro
919 2107 1037 2178 mystico
1066 2105 1105 2182 cj.
1130 2105 1244 2184 Scalig.

136 2207 292 2281 Laurenb,
314 2209 366 2288 qui
382 2229 490 2268 versus
507 2209 610 2270 inesse
625 2213 754 2290 putant)
794 2210 862 2270 Nec
879 2211 977 2270 minus
998 2211 1155 2288 ingeniose
1171 2211 1245 2271 Sca·

136 2311 206 2392 liger
226 2321 362 2372 Vruouurr
385 2322 496 2372 Drvrusr
523 2317 561 2376 fr.
587 2325 674 2380 2-5
703 2324 733 2376 et
758 2317 901 2376 conexuit
921 2317 1035 2396 primus
1059 2324 1171 2376 etune
1195 2339 1244 2379 eo-

140 2417 260 2501 demque
281 2419 611 2502 hendecasyllaborum
633 2442 757 2482 numero
780 2421 932 2482 dimensus
956 2425 1056 2483 estin
1079 2423 1245 2486 Oatalectis

140 2545 164 2604 p.
182 2535 248 2591 2⁵2:
619 2532 621 2538 '

171 2700 174 2706 ·
231 2689 248 2742 2
282 2680 322 2740 at
338 2685 436 2756 pullos
456 2684 570 2755 peperit
589 2683 761 2756 fritinicntis

160 2780 162 2785 ’
234 2800 251 2854 a
286 2790 363 2861 Quos
383 2808 440 2847 non
462 2792 536 2848 lacte
557 2807 629 2847 novo
650 2791 744 2846 leuato
766 2798 874 2862 poscat

234 2906 252 2959 4
282 2897 340 2954 Sed
354 2884 557 2971 puncdrpineo
578 2899 639 2954 cibo
661 2904 759 2954 coacto

281 3006 450 3062 libamento
470 3007 566 3078 legens
589 3006 700 3061 caduco
721 3006 819 3060 uictus.

235 3122 252 3173 5
283 3112 329 3168 Aa
350 3125 422 3184 quot
444 3093 505 3167 tum*
525 3112 654 3167 volucres
677 3111 751 3165 uenit
769 3112 892 3182 pusillos

204 3243 208 3252 ·
285 3218 378 3290 osque
399 3217 440 3274 as
459 3218 557 3275 zimino
577 3205 681 3300 strues
699 3233 765 3274 esca
787 3219 858 3274 vitu.

140 3365 265 3447 Quorum
286 3369 323 3429 fr.
344 3377 361 3430 i
381 3367 675 3448 hendecasyllabum
693 3388 772 3442 esse,
788 3367 903 3426 monuit
916 3366 1007 3425 etiam
1022 3366 1172 3445 scaligeri
1186 3389 1247 3428 non

138 3494 242 3537 memor
262 3476 447 3536 Meinekius.
489 3478 541 3536 Fr.
562 3486 579 3538 3
599 3477 692 3535 Nonii
713 3475 782 3534 libri
804 3497 834 3554 p.
852 3483 919 3547 336,
941 3482 976 3537 26
994 3477 1071 3531 iacta
1093 3473 1247 3547 exhibent,

136 3570 209 3643 uude
234 3582 376 3659 Scaliger
402 3573 437 3640 et*
454 3580 610 3640 Mercerus
635 3586 708 3640 lacte
736 3589 952 3660 reposuerunt:
978 3581 1050 3639 ‘non
1072 3579 1182 3652 male',
1207 3582 1248 3640 ait

137 3683 282 3769 Oelrlerus
303 3686 434 3765 benigne
452 3686 606 3762 iudicans,
631 3688 732 3748 ‘modo
754 3709 815 3747 non
837 3686 874 3745 de
897 3688 947 3746 avi
968 3684 1064 3745 verba
1081 3686 1247 3764 intelligas.

135 3792 281 3874 Equidem
296 3799 413 3853 tectura
430 3794 613 3873 noua‚·quod
629 3800 707 3881 iectu
719 3815 775 3875 per
787 3790 999 3878 compendium
1014 3795 1158 3872 scriptum
1172 3801 1247 3865 erat,

136 3909 181 3959 aut
211 3905 292 3960 luctu
328 3919 400 3960 novo
432 3900 654 3959 restituendum
687 3920 755 3960 esse
790 3903 923 3960 conseo?
966 3902 1086 3980 Nempe
1113 3899 1171 3957 hoc
1202 3907 1249 3958 est

137 4027 258 4070 censere
280 4028 349 4068 eum
371 4026 464 4067 sensu
485 4015 613 4067 metrum
634 4006 904 4087 pessumdandum
917 4027 996 4066 esse.
1035 4006 1122 4065 Idem
1143 4005 1247 4063 nescio

141 4133 195 4194 quo
209 4130 358 4176 versuum
372 4130 487 4192 genere
510 4114 548 4177 fr.
565 4123 583 4176 4
603 4114 759 4199 permetiri
779 4101 925 4187 voluerit,
955 4113 1036 4193 quod
1060 4114 1103 4171 ita
1125 4108 1246 4170 scribit:

834 4239 859 4277 ι
