2760 4890
59 383 71 412 h

178 307 238 375 180
307 315 313 329 '
600 319 858 368 conmortuus.

174 485 284 539 animos
294 479 415 556 scripsi:
439 477 509 537 libri
523 477 615 538 Nonii
629 501 660 560 p.
674 488 735 554 480,
748 489 783 558 29
798 483 900 552 animo,
920 477 1003 560 quod
1020 478 1172 540 Oehlerus
1186 477 1281 537 delen

177 587 222 646 dit
241 596 344 647 contra
358 584 545 660 Turnchum,
562 587 661 667 quiin
677 584 861 646 adversariis
877 585 921 644 IV
935 595 953 648 8
969 606 1084 645 nummo
1100 584 1298 657 coniiciebat,

175 697 241 772 ipso
263 692 355 764 nequ
381 714 439 773 quo
456 692 515 751 hec
534 693 737 772 fragmentum
754 693 826 752 olim
842 692 979 752 habitum
993 693 1141 765 columne,
1165 692 1298 755 reiecta,-

175 822 274 860 neum.
314 803 361 860 De
384 822 473 861 versu
496 801 602 874 altere,
624 820 715 879 quem
736 799 829 879 vulgo
851 808 1072 879 pentametrum
1093 807 1213 876 putant,
1233 807 1298 856 ton·
1376 857 1378 866 ,

175 913 259 967 tidem
282 907 383 967 media
405 909 506 983 brevi,
536 907 600 966 dixi
626 927 655 985 p.
678 916 722 970 60.
768 908 894 967 Hiatum
916 908 1014 986 pessis
1039 914 1066 963 et
1089 912 1161 963 ante
1184 907 1296 961 Aristo-

174 1018 248 1072 telis>
266 1015 378 1072 inserto
406 1014 554 1074 devitare.
606 1024 688 1073 curet
720 1013 803 1092 (libri
825 1020 922 1090 curet)
953 1012 1115 1072 Turnebus
1144 1011 1296 1068 correxit:

174 1119 302 1180 OehleiI
334 1140 434 1198 nugae
462 1120 626 1180 videantur
655 1120 735 1199 apud
761 1122 868 1199 ipsum.
914 1124 1049 1202 tantidem
1081 1137 1148 1207 cum
1172 1118 1299 1197 proprie

175 1212 214 1286 sit
242 1232 338 1294 eodem
362 1205 476 1300 pretim
499 1228 556 1293 hoc
579 1226 646 1285 loco
673 1225 829 1284 commoda
849 1247 906 1284 nec
929 1225 1114 1285 nostratibus
1138 1226 1297 1316 incognita

174 1336 374 1402 translatione
397 1335 546 1414 accipitur
569 1351 660 1407 oeque
678 1335 782 1408 facite,
811 1337 889 1412 hene.
934 1336 1094 1391 Aristotelis
1113 1353 1226 1410 ¹nomen
1252 1333 1297 1390 ine

177 1451 239 1501 star
264 1443 396 1500 omnium
422 1440 669 1520 philosophorum
696 1450 756 1497 est:
787 1438 833 1505 de>
857 1461 916 1522 quo
940 1417 1010 1512 usu,
1037 1438 1241 1526 quiuVarroui
1266 1440 1296 1497 iu

178 1546 305 1620 deliciis,
326 1549 416 1625 attIgi
437 1546 587 1628 quaedam
612 1568 642 1626 p.
660 1557 703 1610 31.
808 1612 810 1616 ι

261 1671 341 1748 Ergo
376 1669 672 1748 advphilosophiam
704 1670 757 1729 ubi
789 1669 827 1727 rlc
849 1670 1017 1727 utrimorum
1040 1689 1111 1727 cura
1134 1669 1299 1746 ablegatur

176 1775 322 1848 furiosus,
350 1775 515 1833 latissimus
545 1775 720 1853 disputandi
752 1775 1060 1855 philosophorumque
1088 1778 1222 1856 ineptias
1246 1776 1319 1837 ca?

176 1879 306 1940 villandi
337 1901 459 1959 campus
490 1883 634 1959 aperitur.
656 1929 658 1932 >
680 1882 810 1942 Videtur
832 1882 889 1941 hoc
911 1883 978 1940 loco
1002 1884 1098 1942 Varro
1123 1904 1161 1944 ex
1186 1887 1323 1965 quovis

175 1987 422 2066 philosopherum
452 1990 604 2048 rationum
633 2011 746 2068 genere
769 1991 937 2070 specimina
959 2009 1114 2065 ungarum
1132 1991 1298 2069 delegisse,

176 2113 360 2171 quamquam
388 2086 475 2154 nobis
506 2115 545 2153 ex
576 2117 612 2155 eo
639 2115 784 2169 recensu,
814 2096 862 2154 cui
887 2096 1005 2162 slmiles
1024 2080 1197 2158 ¹lecit'cum
1221 2100 1298 2158 alibi

176 2209 239 2259 tum
262 2201 293 2257 in
314 2201 547 2280 IcaromenIppo
570 2223 595 2262 c.
618 2212 635 2265 6
656 2223 724 2282 sqq.
744 2204 909 2278 Lucienus,
933 2203 1055 2262 nonnisi
1078 2224 1115 2262 ea
1138 2225 1218 2284 quae
1234 2205 1297 2286 Py-

175 2307 342 2386 thagoram,
364 2308 593 2386 Empedoclem,
617 2309 972 2392 Zenonemattiuehant‚
996 2308 1120 2368 residua
1142 2320 1224 2370 sunt.
1320 2391 1324 2397 Ἰ

156 2435 158 2441 ¹
261 2461 339 2519 XIV
361 2459 423 2536 (ᾗ)
450 2462 523 2531 eota
543 2465 678 2521 dubitatis
698 2471 795 2520 utrum
817 2481 894 2520 nunc
917 2465 978 2520 sitis
999 2466 1192 2536 cercopitheci

449 2572 494 2626 Art
514 2573 648 2627 colubrae
672 2589 709 2627 un
733 2572 829 2626 volvae
852 2571 886 2625 rte
909 2571 1010 2626 Albuci
1026 2570 1114 2626 subus
1136 2571 1276 2627 Athenis?

261 2720 322 2779 XV
346 2719 407 2798 (23)
454 2767 458 2778 .
477 2694 664 2805 Empedocles
681 2721 764 2779 ncltos
780 2720 907 2780 hommes
922 2722 962 2779 ecc
977 2730 1058 2780 terra
1074 2726 1114 2779 uit
1131 2723 1175 2780 uti
1187 2727 1295 2782 blitum.

223 2843 228 2850 β
262 2873 340 2949 XVI
362 2872 424 2949 (25)
479 2947 481 2953 Ι
917 2876 965 2930 rtet
984 2877 1100 2933 dicetur
1117 2877 1237 2948 primus

447 2982 543 3038 Zenon
572 2998 673 3038 nouom
703 2981 846 3038 haeresim
869 2979 948 3038 nooe‘
959 2982 1075 3054 pouttlo
1098 2981 1294 3053 suspendisse.

176 3132 225 3191 Fr.
253 3132 332 3190 XIV
359 3133 620 3214 Pythagoreorum
649 3131 924 3214 metempsychosin
955 3132 1120 3213 perstringi
1141 3133 1294 3192 neminem

174 3237 268 3315 fugit:
304 3238 386 3297 uncle
412 3248 512 3298 tamen
546 3240 714 3300 Varronem
740 3241 859 3299 omnino
888 3260 905 3297 a
930 3239 1125 3318 Pythagorae
1156 3238 1296 3300 doctrina
1335 3254 1346 3267 ‘

175 3345 366 3404 abhorruisse
389 3366 449 3413 nen
473 3346 568 3423 magis
591 3348 693 3424 colligi
717 3347 817 3420 debet,
841 3366 932 3426 quam
954 3345 1025 3405 inde
1050 3345 1129 3426 quod
1153 3346 1191 3404 fr.
1215 3347 1296 3408 XVI

174 3471 213 3509 ne
231 3451 347 3510 Zenoni
366 3450 488 3531 quidem
506 3454 653 3532 pepercit,
671 3454 698 3512 ei
716 3454 830 3513 nullam
846 3453 947 3528 fuisset
958 3474 1025 3512 cum
1040 3453 1145 3513 stoicis
1160 3453 1294 3513 affinita-

146 3620 152 3630 ‚
176 3566 246 3616 tem.
292 3558 440 3650 hlusicum
460 3560 655 3641 Pythagorae
676 3569 810 3640 systema
826 3561 929 3638 tetigit
951 3562 981 3619 in
1004 3565 1073 3617 Ormi
1094 3567 1200 3618 Arare:
1222 3560 1294 3620 vide

175 3682 205 3740 p-
228 3675 269 3737 15,
293 3672 323 3723 et
345 3665 375 3723 in
396 3663 464 3722 aliis
484 3684 606 3744 queque
626 3675 762 3725 secutum
780 3668 993 3746 Pythagoreos
1014 3686 1091 3742 esse,
1115 3668 1218 3728 exeis
1240 3689 1293 3747 ap·

173 3777 276 3847 paret,
310 3789 390 3848 quae
417 3771 456 3828 M.
486 3770 633 3828 Hertzius
663 3770 830 3850 disputavit
855 3773 893 3832 de
916 3772 1041 3851 Nigidio
1061 3773 1173 3853 Figulo
1194 3793 1225 3851 p.
1248 3781 1293 3832 24.

175 3872 222 3934 Of.
251 3874 404 3934 Krahneri
433 3875 471 3934 de
499 3874 690 3956 philosophia
718 3877 862 3937 Varronis
887 3898 917 3957 p.
946 3888 981 3940 22
1003 3901 1048 3959 sq.
1093 3880 1202 3938 Finem
1226 3878 1293 3937 eius

173 3980 334 4058 fragmenti
362 3983 497 4058 graviter
530 3981 729 4062 depravatum
759 3984 883 4044 tradunt
907 3985 1001 4045 Nonii
1031 3985 1154 4057 codices
1177 4005 1207 4064 p.
1230 3993 1293 4058 201,

173 4095 222 4149 25:
259 4107 297 4145 an
325 4091 421 4146 botuae
454 4109 491 4147 an
521 4094 566 4154 de,
584 4094 649 4149 altu
678 4094 757 4157 ethus
784 4095 866 4151 tubus
892 4095 1034 4163 Athenis„
1059 4113 1137 4172 quac
1166 4093 1294 4169 egregia

174 4195 349 4253 coniectura
368 4195 497 4253 Rothius
522 4197 668 4255 restituit:
696 4219 733 4256 un
757 4174 853 4258 veloce
873 4202 907 4256 de
929 4174 1033 4266 Ateuct
1048 4202 1136 4256 subus
1156 4202 1293 4257 Athenis:

172 4321 263 4386 quam
284 4302 546 4383 cumyceteroquiu
562 4303 705 4384 probaret
722 4303 882 4377 Oehlerus,
903 4305 1048 4382 praetulit
1064 4316 1169 4372 tamen
1181 4310 1292 4377 beluae,
1355 4343 1358 4346 ·
