2760 4890
676 1113 718 1196 Π

129 1336 249 1429 Earum
271 1358 347 1418 quas
370 1337 438 1398 dixi·
455 1346 624 1398 saturarum
646 1339 734 1398 alteri
754 1340 852 1399 Varro
874 1338 1080 1419 lepidissime,
1108 1349 1142 1400 ut
1161 1340 1248 1414 solet,

128 1444 289 1527 inscripsit

383 1599 387 1608 .
407 1529 635 1613 plrnrlrun
656 1559 970 1615 nsP1nr1rau1au.

133 1684 229 1745 (luins
255 1684 366 1761 iudicis
386 1685 450 1744 vim
472 1690 502 1743 et
523 1684 673 1743 rationem
695 1673 834 1765 apposite
856 1686 1063 1745 Mommsenus
1085 1686 1250 1746 vernacule

133 1790 178 1851 iu
204 1790 357 1870 expressit
382 1794 614 1868 Pappcrlapapp
641 1812 702 1851 com
721 1784 878 1852 bobreden.
915 1791 1046 1852 Formae
1062 1799 1252 1869 papiapapae

134 1895 208 1957 lieet
229 1899 380 1978 butubatta
401 1898 557 1971 conferre,
582 1897 664 1976 quod
681 1918 739 1972 pro
761 1903 921 1974 eupatoria
939 1900 1072 1977 positum
1094 1921 1113 1960 a
1131 1901 1251 1960 Naevio

138 2002 246 2074 Raetus
266 2003 371 2063 Paulli
383 2022 421 2084 p.
445 2013 480 2067 36
498 2004 557 2077 M.‚
581 2025 641 2080 pro
660 2009 747 2064 nibilo
766 2014 793 2063 et
810 2026 868 2080 pro
890 2011 975 2082 napis
1000 2027 1018 2065 a
1040 2006 1151 2065 Plauto
1171 2006 1249 2066 cha-

138 2108 225 2168 risius
245 2129 277 2189 p.
298 2117 350 2174 216
362 2109 403 2173 Ῥ.
425 2101 565 2170 testatur.
601 2110 649 2175 of.
667 2112 829 2172 Ritschelii
845 2111 915 2172 adn
932 2111 971 2171 ad
986 2110 1089 2171 Plauti
1104 2110 1251 2171 Pseuduli

142 2234 168 2273 v.
183 2222 243 2279 235.
278 2201 502 2294 Ἐγκωμιαστὴν
516 2219 613 2278 Varro
631 2217 760 2292 induxit,
783 2220 835 2298 qui
850 2213 984 2297 ἐγκωμίῳ
1002 2226 1134 2277 saturam
1150 2218 1250 2297 auspi-

145 2327 231 2384 catur.
272 2319 366 2382 Cuius
388 2323 637 2384 laudatiunculae
659 2324 805 2404 reliquias
832 2323 987 2390 Oehlerua
1005 2323 1128 2404 quidem
1151 2331 1249 2382 extre-

145 2446 201 2488 mas
222 2437 345 2489 saturae
365 2413 396 2488 et
416 2429 521 2490 ordine
544 2413 618 2490 satis
641 2430 809 2492 disturbato
832 2431 1014 2511 adscripsit:

221 2576 252 2629 11
288 2566 387 2640 Si'mlia
409 2569 542 2642 inpressa
564 2571 595 2625 in
616 2577 710 2626 mento
732 2572 846 2627 Amoris
868 2573 986 2645 dipitulo

257 2718 261 2726 .
296 2674 425 2749 Vestipio·
437 2677 635 2734 demonstrant
655 2678 866 2734 mollitudinem.

222 2787 255 2842 12
290 2780 366 2849 Quos
387 2783 592 2855 calliblephara
614 2785 745 2840 naturali
761 2784 921 2857 palpebrae

291 2888 415 2945 Tinctae-
432 2890 552 2946 vallatos
571 2892 667 2947 mobili
687 2897 766 2961 septo
787 2895 891 2945 tenent.

222 3003 256 3057 1³
290 2994 396 3052 Collum
413 3011 585 3069 procerum,
611 2999 710 3069 fictum
731 2998 786 3053 levi
805 3012 957 3063 marmore,

289 3101 430 3175 Rcyillam
453 3101 578 3160 tunicam
600 3106 732 3178 discinpit
749 3121 898 3176 purpura.

223 3213 257 3268 14
291 3207 364 3264 Ante
382 3211 463 3266 auris
480 3211 561 3266 modo
582 3227 621 3266 ee
638 3213 781 3268 sobolibus
800 3208 1020 3266 demittebantur
1039 3222 1093 3262 sere
1113 3205 1253 3262 cincinni:

289 3316 366 3371 oculi
383 3319 550 3388 suppaetuli
572 3319 682 3391 niaellis
699 3318 820 3389 pupulis
842 3333 928 3388 quam
950 3315 1123 3373 bilaritatem
1146 3310 1252 3382 signifi-

288 3426 388 3477 canter
410 3424 514 3478 animi!
536 3426 627 3480 dctus
642 3427 834 3496 parcissimus
853 3430 884 3479 ut
902 3420 1052 3493 refrenato
1071 3421 1133 3475 risu
1154 3425 1253 3474 roseo!

146 3551 251 3613 Elorum
268 3553 511 3640 fragmentorum.
524 3566 719 3637 postremum,
739 3557 776 3616 ab
797 3555 931 3616 Oehlero
947 3573 1039 3633 prosa
1051 3553 1188 3611 oratione
1200 3572 1251 3610 ex-

144 3678 290 3738 pressum,
312 3658 426 3740 (omisit
444 3664 562 3723 incuria
578 3662 631 3724 vel
646 3683 701 3723 sua
717 3662 768 3721 vel
780 3662 1007 3741 typothetarum
1022 3664 1142 3734 parvuli
1155 3663 1255 3718 intorti

142 3784 217 3844 pone
228 3770 381 3839 subaldus,
399 3777 433 3828 ut
447 3791 477 3849 p.
492 3780 545 3836 213
555 3770 592 3830 fr.
608 3780 638 3832 ll
658 3787 697 3827 ex
713 3772 815 3827 arcula
828 3769 937 3842 omisit,
952 3787 1031 3848 quae
1042 3785 1081 3825 ne
1095 3767 1126 3824 in
1139 3766 1252 3826 adden-

144 3870 323 3955 inquinem
339 3875 541 3956 corriguntur)
560 3876 698 3935 Kochius
716 3877 747 3934 in
761 3873 1029 3935 exercitationibus
1044 3875 1155 3932 criticis
1172 3894 1203 3952 p.
1220 3882 1254 3936 28

142 3982 296 4041 metricum
307 4000 376 4042 esse
387 3983 569 4061 suspicatus,
585 4001 666 4063 quae
685 4002 704 4041 a
719 3982 818 4043 Nonio
832 4002 862 4060 p.
877 3988 939 4053 456,
961 3989 978 4043 6
993 3981 1025 4039 in
1035 3980 1117 4040 hune
1132 3979 1254 4039 modum

142 4086 308 4161 adduntur,
331 4096 398 4147 ante
411 4091 494 4146 auria
505 4093 586 4147 modo
600 4108 639 4148 ecc
650 4091 794 4147 nubalibus
801 4091 922 4162 paruuli
932 4091 1032 4146 intorti
1041 4091 1254 4147 dimittebantur

141 4196 190 4251 sed
208 4197 348 4264 cincinni,
371 4196 460 4252 oculta
481 4200 621 4269 aupetulia
635 4199 745 4270 nipellis
758 4200 861 4269 populi
877 4214 962 4270 quam
978 4198 1151 4253 bilaritatem
1166 4199 1252 4269 siqni-

140 4303 259 4373 ficantes
281 4303 379 4372 animi,
401 4303 492 4360 rictus
508 4307 701 4375 parcissimus
723 4309 754 4359 ut
776 4303 926 4376 refrenato
949 4305 1011 4360 risu
1033 4319 1123 4371 roseo,
1147 4320 1249 4360 eorum
