2760 4890
156 276 218 341 216
430 327 434 330 ,
586 290 843 340 corruerimus.

155 452 284 530 hospitis
313 449 475 533 scriberet,
504 460 633 527 versata¹
656 449 694 509 cb
726 450 830 510 oculos
858 471 925 509 esse
951 451 1043 511 valde
1076 448 1277 529 probabiliter

157 560 339 639 suspicatur.
384 556 441 617 Oui
470 576 537 616 cum
559 559 590 616 in
613 576 649 616 ea
670 577 703 615 re
731 557 932 636 adstipuletur
954 557 1160 629 Mercklinus,
1184 558 1278 617 miror

157 665 287 725 eundem
317 683 352 723 eo
375 662 503 722 Arnobii
522 664 695 722 testimonio
719 664 779 736 uti,
808 682 868 742 quo
888 665 920 724 in
942 664 1052 722 saturis
1074 663 1275 724 Varronianis

158 768 197 829 de
222 769 328 849 piratis
354 768 539 849 disputatum
565 770 660 830 fuisse
688 770 859 854 convincat.
894 769 1004 848 Itaque
1029 770 1141 828 corruit
1165 776 1195 827 et
1215 768 1275 827 hoc

157 877 267 938 indicis
295 877 376 947 illius
405 870 470 953 περὶ
500 873 649 952 πειρατῶν
676 874 875 954 praesidium,
907 883 937 932 et
963 875 1023 935 alia
1046 895 1124 955 quae
1147 873 1193 932 illi
1216 883 1276 933 tes·

157 985 280 1043 timonio
310 984 510 1063 superstruxit
532 980 697 1060 complura.
741 980 808 1038 Nec
833 990 936 1040 tamen
959 1002 1026 1041 cum
1046 984 1162 1060 piratas
1184 980 1276 1040 relin-
1312 1043 1316 1052 ,

159 1110 264 1173 quam,
298 1090 466 1183 obstinatus
495 1088 615 1172 obtineo
645 1086 800 1164 vulgatam
828 1088 1033 1167 inscriptionis
1051 1089 1189 1167 'formam
1207 1083 1277 1165 περὶ

157 1197 210 1256 τοῦ
232 1187 374 1278 rodmar:
397 1197 486 1254 immo
508 1195 533 1253 si
554 1194 627 1252 licet
648 1193 679 1250 in
701 1213 733 1252 re
756 1194 872 1253 incerta
886 1193 994 1253 ludere
1017 1197 1203 1267 coniectura,
1224 1194 1276 1253 de·

158 1304 218 1363 sult
206 1304 315 1363 terium
342 1302 445 1361 malim
470 1321 531 1360 non
558 1301 589 1358 in
613 1287 742 1358 translat
730 1307 792 1358 tam
815 1300 964 1378 aliquam,
994 1299 1077 1358 sed
1069 1321 1100 1358 m
1119 1301 1276 1379 propriam

68 1465 73 1474 .
159 1409 220 1470 vim
244 1411 329 1469 vocis
359 1408 397 1467 de
424 1427 459 1502 eo
488 1406 629 1507 accipere
664 1406 781 1466 traicit
817 1407 859 1466 alt
848 1415 934 1466 terno
971 1410 1023 1487 qui
1050 1407 1120 1465 leve
1155 1405 1276 1485 pondus

162 1517 270 1597 equo',
303 1516 351 1603 cui
379 1533 417 1571 ex
450 1513 548 1572 altera
575 1522 664 1593 parte
693 1513 878 1593 respondeat
907 1513 1063 1594 inscriptio
1091 1505 1160 1587 aeui
1187 1508 1277 1569 ίιιιιο

159 1614 294 1702 τρύφων,
322 1639 361 1678 ne
389 1639 425 1677 ea
448 1618 570 1699 quidem
592 1617 630 1677 ab
651 1621 870 1719 exemplarium
889 1621 1035 1680 memoria
1054 1619 1143 1679 nimis
1154 1618 1279 1679 aliena.

160 1730 203 1790 Ut
226 1729 323 1787 Varro
353 1724 607 1804 quemadmodum
635 1725 665 1781 in
690 1731 840 1781 Maurusius
874 1727 1008 1786 venandi
1035 1726 1206 1797 licentiam,
1221 1727 1280 1791 ,ita

160 1837 191 1894 in
217 1834 277 1892 hac
306 1841 408 1899 satura
437 1830 529 1888 nimia
555 1830 600 1889 rei
622 1832 767 1910 aquariae
790 1833 890 1893 studia
912 1842 1104 1914 persectatus
1126 1834 1175 1893 sit.
1219 1833 1289 1895 sit-¹

159 1952 262 2001 tamen
289 1935 543 2015 circumspicienti
571 1936 644 1995 mihi
669 1937 744 1997 nihil
771 1960 831 2018 quo
856 1960 920 1999 eam
950 1939 1114 2001 stabiliam·
1130 1948 1277 2002 autcon-

159 2050 274 2107 firmem
297 2043 500 2104 coniecturam
521 2044 662 2102 occurrit.

244 2154 293 2212 De
316 2154 413 2209 Gloria
436 2145 503 2227 περὶ
520 2141 641 2224 φθόνου
656 2171 754 2209 meam
768 2154 941 2233 exprompsi
954 2153 1137 2213 sententiam
1152 2175 1183 2233 p.
1199 2161 1216 2215 4
1231 2174 1278 2234 sq.

159 2260 306 2339 Reliquos
328 2256 446 2328 titulos,
471 2276 545 2334 quos
567 2256 756 2316 Mercklinus
778 2269 940 2338 praeterea
961 2258 1088 2337 tetigit,
1101 2259 1173 2318 nolo
1196 2279 1279 2319 nunc

161 2365 307 2425 curiosius
330 2362 489 2442 persequi:
520 2382 619 2441 neque
650 2363 689 2421 ad
713 2364 904 2442 logistoricos
927 2367 1092 2445 exspatiari
1115 2365 1207 2438 licet,
1240 2365 1279 2426 de

161 2473 269 2555 quibus
298 2471 355 2529 hoc
383 2477 500 2527 tautum
524 2491 648 2542 moneo,
674 2471 747 2529 mihi
768 2471 860 2530 valde
881 2471 1002 2551 probari
1026 2473 1108 2552 quod
1130 2483 1278 2552 peracute

160 2579 348 2641 Mercklinus
361 2577 522 2655 ‚intellexit
547 2581 715 2658 Tanaquilis
734 2597 844 2636 nomen
864 2598 926 2637 nou
946 2579 1058 2652 fuisse,
1083 2577 1279 2658 quodvulgo

162 2685 359 2758 credebatur,
389 2690 511 2742 saturae
534 2672 727 2765 inscriptum,
752 2685 806 2744 sed
828 2684 981 2763 pertinere
1010 2683 1050 2744 ad
1069 2686 1280 2762 logistoricum

146 2812 244 2864 eum,
276 2792 327 2872 qui
353 2791 410 2848 fuit
437 2794 471 2848 cle
493 2795 643 2863 pudicitia.
691 2790 747 2850 Cui
768 2793 813 2850 rei
829 2813 895 2850 ¹non
920 2791 1029 2865 obstat,
1053 2792 1140 2872 quod·
1156 2792 1281 2851 unicum

162 2896 217 2985 sub
241 2896 423 2974 Tanaquilis
444 2898 566 2955 nomine
584 2898 708 2956 citatum
729 2898 932 2974 fragmentum
954 2920 983 2977 p.
1007 2907 1042 2962 73
1062 2899 1125 2956 suis
1144 2900 1279 2959 numeris

160 3003 331 3064 vindicavi:
372 3003 492 3081 quando
528 3025 567 3062 ne
606 3025 623 3062 a
656 3004 839 3080 logistoricis
870 3005 993 3087 quidem
1020 3024 1127 3064 versus
1156 3005 1279 3064 omnino

138 3110 276 3190 ,alienos
295 3107 390 3168 fuisse
412 3111 473 3168 iam
498 3110 683 3170 eredendum
702 3120 757 3170 est.
789 3109 981 3190 Quamquam
1005 3131 1072 3170 cum
1089 3111 1280 3171 Mercklinus

160 3217 225 3276 iure
255 3215 337 3276 dicat
365 3219 541 3290 ligationem
566 3227 595 3276 et
623 3221 832 3286 Parmenonem
854 3237 946 3296 posse
967 3237 1064 3298 aeque
1087 3214 1279 3295 benelogis-

161 3323 264 3381 toricis
290 3342 381 3401 quam
405 3324 515 3389 saturis
539 3323 672 3398 attribui,
696 3324 798 3404 paullo
821 3334 924 3384 tamen
939 3335 1013 3405 puto
1032 3323 1222 3405 probabilius
1240 3325 1280 3384 ad
1324 3384 1330 3398 ,

161 3439 279 3489 saturas
301 3429 419 3503 referri,
443 3449 510 3488 cum
532 3431 689 3510 utriusque
712 3431 851 3508 opusculi
870 3440 987 3490 tantum
1004 3453 1065 3490 non
1080 3432 1181 3489 omnia
1197 3433 1279 3509 frag-

161 3545 264 3595 menta
291 3537 425 3594 numeris
454 3537 568 3612 fuerint
595 3537 748 3600 conclusa.
798 3537 878 3596 Nam
907 3515 974 3596 eum
1003 3558 1063 3596 non
1092 3536 1234 3600 abiudico
1263 3560 1281 3597 a

95 3666 100 3671 ·
160 3644 343 3721 logistoricis
364 3652 469 3715 metra,
493 3645 644 3703 tamenin
665 3645 701 3702 iis
721 3653 783 3702 tam
797 3664 906 3723 prosae
923 3645 1066 3703 orationis
1083 3663 1171 3702 usum
1187 3665 1281 3726 quam

161 3751 192 3808 in
216 3749 326 3808 saturis
354 3748 565 3828 praevaluisse
594 3769 700 3809 versus
728 3750 801 3809 mihi
830 3750 1018 3830 persuadeo:
1053 3760 1087 3810 ut
1114 3770 1196 3832 quae
1224 3772 1279 3812 suo

160 3875 272 3934 genere
298 3855 430 3915 discreta
453 3856 566 3915 fuerint
588 3855 751 3935 opuscula,
782 3858 872 3914 etiam
893 3857 989 3935 ipsius
1009 3857 1112 3935 specie
1133 3858 1280 3916 orationis

162 3961 397 4041 discrepantiam
420 3981 494 4041 prae
515 3982 548 4021 se
571 3963 676 4021 tulisse
699 3961 871 4021 videantur.

245 4069 355 4148 Itaque
377 4069 516 4148 relinquo
538 4089 617 4127 nunc
639 4069 739 4127 locum
760 4067 979 4141 difficillimum,
1004 4070 1055 4148 qui
1074 4078 1121 4128 est
1136 4068 1175 4127 de
1196 4079 1279 4128 satu·

161 4196 261 4235 rarum
290 4175 384 4233 titulis
414 4174 513 4253 deque
537 4177 646 4235 saturis
677 4176 921 4254 logistoricisque
949 4175 1208 4236 intemoscendis:
1235 4177 1280 4237 ad

161 4303 251 4363 quem
273 4282 373 4341 locum
392 4283 485 4342 velim
505 4292 576 4363 post
600 4303 651 4342 eas
675 4303 750 4362 quas
771 4283 883 4362 protuli
907 4281 1112 4342 dubitationes
1135 4284 1279 4368 secundis
