2760 4890
530 315 787 365 courucssuns.
1173 308 1207 370 81

94 472 171 533 libri
202 471 295 550 (Non.
314 493 345 553 p.
370 482 435 547 112,
456 472 503 553 st)
530 484 561 534 et
586 474 617 533 in
637 475 705 534 loco
726 475 872 534 Varronis
896 483 926 534 et
947 477 977 535 in
999 476 1141 537 lemmate
1162 498 1213 537 ex·

94 556 221 639 hibent:
248 580 324 655 saxa
347 599 405 654 pro
427 580 512 655 sace:
541 588 575 639 ut
595 579 675 639 idem
698 580 852 639 scribendi
874 600 970 658 genus
992 581 1079 641 reddi
1104 582 1215 644 debeat

94 684 145 756 iis,
170 703 246 765 quos
267 683 309 743 ibi
330 686 621 766 praetereaNonius
645 686 728 745 locos
744 686 890 745 Varronis
913 687 1027 749 citavit.
1069 689 1214 768 Spineam

94 790 200 851 facem
228 811 282 871 pro
309 793 401 871 pinea
421 792 564 852 inferenti
585 790 743 870 Scaligero
765 795 796 852 in
820 794 1025 852 coniectaneis
1045 815 1075 873 p.
1098 804 1133 859 28
1154 817 1214 854 nou

95 904 146 955 est
167 896 249 977 quod
268 895 522 978 obtemperemus.

183 1063 389 1115 Kocroronrsac
417 1055 454 1113 fr.
472 1068 489 1118 5
511 1057 556 1115 sic
576 1057 717 1117 scribitur
733 1059 764 1116 in
785 1057 871 1118 libris
896 1056 988 1136 (Non.
1010 1078 1040 1136 p.
1060 1068 1127 1132 538,
1152 1058 1213 1138 17):

71 1151 165 1237 'iope
191 1172 287 1221 tracta
313 1170 357 1220 est
375 1170 403 1219 et
428 1165 521 1221 abolla
542 1168 611 1222 (lata
634 1175 676 1223 est
697 1169 736 1223 ad
758 1168 885 1235 turbam,
909 1167 958 1221 uti
977 1181 1044 1222 seru
1066 1168 1165 1223 mihtin
1183 1170 1212 1224 in

10 1248 16 1257 ⁸
94 1285 221 1327 munero
247 1272 313 1327 vetti
336 1275 369 1325 at
391 1278 591 1342 praestarem:
630 1272 666 1329 Iu
695 1291 754 1351 quo
782 1274 848 1330 belli
874 1271 1006 1329 correxit
1033 1270 1153 1344 Iuniae,
1187 1274 1213 1330 si

94 1371 189 1432 modo
218 1392 257 1432 ea
284 1377 431 1434 correctio
455 1383 502 1434 est
529 1376 669 1438 dicenda.
713 1378 751 1435 In
772 1378 897 1458 reliquis
917 1376 991 1434 nihil
1013 1374 1100 1454 probi
1123 1398 1212 1438 exco-

94 1478 227 1557 gitatum
248 1488 296 1541 est
317 1502 336 1541 a
358 1483 484 1542 criticis:
516 1481 603 1542 velut
623 1482 782 1543 Palmerii:
814 1493 832 1541 t.
855 1487 987 1542 detracta
1011 1493 1054 1540 est
1081 1492 1108 1540 et
1134 1504 1160 1540 u.
1183 1489 1211 1542 d.

93 1594 139 1643 est
159 1590 200 1645 ad
219 1590 316 1646 tabam
334 1592 404 1647 milti
434 1586 497 1667 (vel
520 1593 586 1664 ibi),
613 1591 682 1665 sera
711 1595 824 1649 nrilitioi
843 1608 981 1660 manera,
1012 1588 1063 1648 vel
1087 1588 1212 1659 (lehleri

93 1693 268 1777 inuentum:
293 1698 334 1753 ad
353 1698 466 1754 ttcrbam
484 1699 531 1767 ivi,
554 1714 622 1754 sera
636 1699 735 1754 militia
750 1715 888 1755 manere:
910 1697 968 1754 nisi
988 1694 1119 1776 quodie
1142 1705 1211 1756 ante

94 1819 219 1859 munera
240 1810 324 1860 recte
346 1802 392 1861 illi
418 1801 616 1861 abstulerunt.
654 1802 731 1861 Mihi
752 1823 866 1876 verum,
894 1804 1011 1881 opinor,
1035 1803 1211 1862 inveniendi

94 1908 176 1967 viam
208 1907 287 1967 illud
323 1908 456 1988 aperuit,
491 1908 572 1988 quod
607 1910 796 1989 anapaestici
829 1910 1004 1991 systematis
1045 1910 1210 1987 particulas

93 2034 304 2092 agnoscerem.
333 2012 413 2077 Vide
437 2015 516 2073 enim
537 2014 618 2073 hunc
639 2036 777 2075 versum:
810 2061 816 2073 .
840 2025 904 2090 lopo
928 2024 1050 2073 tractati
1068 2026 1096 2073 et
1117 2020 1210 2074 (abolla

92 2126 192 2180 datast
214 2123 280 2183 sive
299 2100 399 2182 mavis
422 2141 488 2180 cum
509 2121 678 2181 Palmerio:
718 2126 795 2197 Topo
817 2126 976 2179 detractae
997 2130 1025 2178 et
1046 2126 1139 2180 (thalla
1159 2128 1210 2181 da-

92 2237 152 2287 saa
179 2236 212 2287 et
241 2229 393 2306 integrum
425 2228 664 2307 paroemiacum:
700 2231 825 2287 Munera
863 2231 928 2284 belli
960 2236 991 2284 ut
1014 2240 1208 2301 praestarem.

93 2334 184 2413 Quae
213 2336 239 2394 si
259 2356 320 2407 non
345 2333 470 2392 fallacia
492 2342 561 2392 sunt
582 2334 711 2408 indicia,
741 2336 831 2393 etiam
854 2353 933 2414 quae
956 2334 1057 2392 niedia
1076 2343 1145 2392 sunt
1167 2336 1210 2393 ita

93 2441 207 2519 corrigi
236 2440 365 2513 debent,
393 2447 426 2497 ut
456 2438 571 2497 eisdem
595 2441 727 2500 numeris
757 2443 954 2502 conveniant:
978 2461 1053 2523 quas
1075 2462 1132 2518 ego
1156 2441 1208 2500 ad·

91 2548 258 2626 stipulante
277 2546 429 2606 sententia
449 2547 493 2604 sic
514 2565 677 2624 recupero:
706 2552 745 2606 od
766 2552 877 2606 turham
900 2553 939 2607 ibi
954 2550 1017 2624 sert
1037 2565 1081 2605 me
1102 2552 1210 2607 militia.

94 2652 137 2713 Ut
155 2653 217 2712 iam
240 2655 415 2712 continuum
434 2653 492 2711 hoc
516 2660 652 2737 systema
669 2651 803 2729 legatur:

248 2839 349 2919 [Tum]
373 2841 438 2914 tripu
460 2847 627 2898 tractasset
649 2841 742 2897 abolla
765 2844 876 2899 dcctost:
970 2846 973 2851 '

245 2949 424 3005 Asturiam
444 2950 485 3004 ibi
501 2947 563 3020 sert
585 2962 628 3002 me
650 2944 760 3015 militia,

245 3054 373 3111 Munera
395 3055 460 3110 belli
479 3060 511 3109 ul
525 3051 720 3124 praestarem.

91 3235 239 3297 Traditur
267 3258 305 3297 ex
335 3238 443 3297 eadem
472 3246 576 3295 satura
598 3236 727 3295 alterum
749 3247 884 3317 systema
906 3246 1134 3321 anapaesticum
1157 3245 1206 3324 (fr.

90 3342 132 3422 8),
156 3342 237 3423 quod
256 3343 425 3404 Gulielmus
448 3345 572 3422 agnovit
594 3344 625 3400 in
645 3343 859 3402 verisimilibus
876 3346 927 3408 13
950 3346 1087 3425 (Gruteri
1101 3353 1207 3429 Lamp.

91 3448 141 3509 Ill
157 3470 188 3528 p.
206 3449 282 3529 250),
302 3449 353 3508 ubi
368 3450 456 3509 simul
475 3451 545 3511 fut
566 3451 596 3507 in
619 3450 693 3508 duos
714 3450 857 3508 ‹limetros
881 3454 1092 3530 anapaesticos
1109 3457 1208 3515 distri·

90 3554 165 3615 buit.
198 3556 236 3615 In
255 3555 326 3629 illis,
349 3568 425 3635 quos
438 3544 494 3633 ego
506 3576 586 3614 nunc
602 3556 716 3627 addidi,
739 3560 912 3645 anapaestis
926 3580 1002 3618 ursus
1019 3563 1109 3619 etiarn
1126 3582 1208 3621 scru-

91 3661 180 3741 pulus
198 3658 304 3735 restat,
330 3682 419 3742 quem
439 3661 608 3725 tribrachus
628 3662 727 3720 finalis
750 3666 849 3720 militia
871 3665 968 3723 affert.
1004 3666 1059 3725 Oui
1082 3669 1107 3726 si
1126 3668 1209 3727 nuilla

92 3777 139 3827 est
161 3769 193 3827 in
214 3768 314 3827 medio
338 3779 505 3849 systemate
528 3769 684 3826 excusatio
700 3778 816 3846 parata,
840 3769 945 3829 licebit
962 3771 1020 3830 hac
1042 3774 1227 3852 transposi-.'

90 3874 172 3934 tione
189 3874 306 3934 mederi
326 3874 530 3933 incommodo:
553 3873 653 3932 militie
673 3884 705 3931 at
717 3876 843 3934 Mane'ra
861 3882 926 3936 belli
936 3881 1130 3950 praestarem.
1162 3883 1210 3939 Ea

91 3982 171 4040 enim
204 3980 355 4061 particula
389 3989 515 4060 propter
543 3983 718 4062 systematis
754 3982 981 4042 continuitatem
1010 3985 1085 4044 nihil
1115 3987 1208 4045 offen·

90 4088 184 4146 sionis
214 4086 246 4145 in
272 4089 356 4147 exitu
384 4087 528 4146 versiculi
557 4087 660 4147 hahet.
706 4089 793 4166 Quae
815 4099 976 4167 praeterea
994 4094 1106 4150 mutavi
1128 4092 1210 4150 levia

91 4202 175 4252 sunt:
198 4198 247 4253 uti
268 4193 386 4253 correxi
408 4193 439 4251 in
459 4195 498 4250 iti
523 4202 553 4250 et
574 4214 589 4252 e
608 4197 677 4269 sera
696 4195 813 4252 restitui
834 4197 903 4269 fert.
927 4215 969 4253 me
993 4208 1102 4269 aretem,
1128 4197 1208 4276 quod

91 4307 162 4357 ante
183 4303 284 4358 militia
308 4300 449 4385 omissum
474 4308 536 4374 est,
565 4321 624 4357 non
647 4302 770 4378 gravius
794 4322 884 4385 qutun
903 4314 972 4360 ante
996 4322 1117 4360 retruserat
1140 4303 1205 4361 illa-

140 4400 275 4465 Vsnm,
293 4398 375 4451 Cosa
390 4416 419 4451 ru
435 4380 524 4451 Varia.
539 4416 598 4451 sss.
987 4407 1005 4462 (j
