2760 4890
136 309 176 369 74
568 317 822 367 comesurum.

134 497 393 558 supervacaneam
422 495 464 534 me
489 478 628 537 voculam
649 480 776 551 eiicere,
806 500 897 561 quam
920 479 1099 539 deminutivi
1122 479 1253 538 formam

135 585 267 646 demere.
318 583 360 641 At
391 603 449 642 nec
479 583 563 642 illam
589 586 712 645 missam
738 586 818 644 facio
846 583 957 663 (quam
984 606 1064 644 nunc
1091 607 1154 646 non
1181 587 1256 646 licet

133 691 235 750 Plauti
258 691 437 749 Mercatoris
456 712 547 750 versu
566 692 581 749 Ι
604 699 630 763 ἲ,
652 701 692 762 19,
716 714 745 750 v.
766 700 817 754 128
838 690 999 750 Ritschelii
1018 691 1169 770 firmare),
1197 712 1254 751 nec

133 802 352 871 epiprammutiu
374 805 467 855 muto.
512 799 591 856 Nam
621 818 660 856 ne
689 796 890 856 Bitschelium
922 795 1045 874 quidem
1072 807 1146 876 puto
1173 819 1253 858 nunc

88 972 90 976 ¹
133 905 199 983 pari
229 905 394 962 acrimonia
423 925 490 963 eam
516 924 634 963 ornnem
661 903 822 980 neglectae
845 902 1004 981 positionis
1027 924 1117 982 quam
1141 913 1254 964 vocant

134 1011 288 1070 licentiam
320 1012 493 1089 exagitare,
527 1032 586 1090 qua
614 1012 645 1068 in
674 1010 897 1088 prolegomenis
919 1031 948 1087 p.
975 1027 1077 1069 cxvm
1100 1032 1169 1091 sqq.
1194 1012 1252 1070 hoc

133 1136 244 1193 genus,
273 1117 304 1175 in
333 1138 391 1196 quo
419 1118 623 1194 indulgentior
655 1096 755 1177 luerat
785 1117 960 1189 Bentleius,
990 1122 1169 1195 persecutus
1194 1122 1250 1173 est.

134 1223 238 1300 Atque
261 1230 293 1279 ut
315 1222 536 1281 Fleckeisenus
557 1223 703 1283 (Ferentio
724 1222 892 1282 vindicavit
909 1222 1002 1281 haec:
1026 1224 1065 1277 Et
1082 1224 1113 1278 id
1125 1220 1250 1294 pru'tum.

132 1333 226 1388 studet
237 1329 297 1402 pur
317 1331 440 1403 referre.
461 1339 539 1386 aurat
555 1329 681 1401 docitur,
705 1329 775 1402 alia,
799 1331 842 1388 ita
863 1328 993 1389 Varroni
1017 1336 1048 1386 et
1061 1325 1139 1386 illud
1157 1326 1247 1385 reliu-

134 1457 208 1516 quo:
241 1440 307 1494 tuter
329 1455 372 1494 me
394 1437 630 1510 e'piprummritiu‚
658 1444 689 1493 et
711 1435 792 1514 quod
813 1457 842 1515 p.
867 1435 1022 1499 statuali:
1046 1445 1073 1493 et
1092 1438 1124 1492 iu
1141 1435 1249 1492 dicunt.

134 1541 252 1619 Quibus
283 1541 354 1602 addi
384 1544 514 1601 sortasse
540 1543 662 1601 tertium
687 1550 789 1621 potest
815 1543 853 1602 de
881 1549 1011 1600 Ainoson
1037 1551 1134 1598 tonsore
1158 1541 1196 1598 fr.
1219 1549 1248 1599 l:

133 1648 215 1727 quod
237 1649 394 1707 metricum
415 1669 484 1708 esse
506 1649 556 1709 vel
578 1648 656 1707 haec
679 1652 803 1722 dipitrttis
818 1653 997 1722 primoribus
1018 1647 1170 1707 indicant:
1215 1685 1221 1694 ·

289 1788 323 1843 Ut
344 1789 373 1842 in
395 1785 478 1843 litore
500 1789 602 1843 cursori
622 1785 748 1859 dipitutis
765 1788 941 1858 primoribus

285 1894 378 1949 Stare.

131 2028 200 2086 Nisi
217 2036 357 2110 praestat
378 2049 424 2101 ea,
448 2048 537 2106 quarn
560 2026 781 2096 Fleckeisenus
797 2027 870 2086 mihi
887 2026 1080 2104 significavit,
1104 2043 1247 2084 mensura

132 2135 286 2193 trochaica
296 2157 302 2193 :

843 2250 872 2299 ut
895 2244 923 2297 in
946 2239 1029 2296 litore

285 2348 391 2406 Crincri
412 2349 540 2423 dipitsttt's
559 2351 736 2422 primoribus
755 2357 834 2404 sture
857 2388 989 2402 .....

131 2469 264 2541 Dipitulis
285 2467 445 2525 verissima
468 2477 514 2525 est
537 2465 662 2525 Oehleri
685 2464 872 2536 emendatio,
896 2467 1029 2537 stipitibus
1050 2464 1136 2522 libri:
1165 2463 1245 2521 unde

132 2573 202 2631 olim
222 2576 315 2646 stipitis
332 2571 501 2648 legebatur.
546 2573 745 2630 Locutionem
770 2575 895 2646 dipitutis
915 2573 1092 2645 primoribus
1113 2569 1247 2628 illustrat

131 2676 183 2735 ille
213 2677 315 2736 Plauti
342 2675 473 2736 Poenuli
502 2677 553 2734 ΙΙΙ
583 2688 612 2751 l,
641 2687 690 2741 63:
726 2677 805 2735 addo
841 2677 976 2736 eiusdem
1001 2674 1190 2734 Bacchidum
1214 2696 1243 2733 v.

130 2790 181 2845 675
206 2784 265 2860 (IV
284 2791 316 2855 4,
339 2780 385 2859 nt)
416 2790 446 2840 et
474 2781 606 2861 Turpilii
627 2805 656 2841 v.
679 2793 710 2846 31
732 2782 825 2842 Ribb.
871 2785 920 2842 De
943 2782 1081 2842 similiter
1103 2781 1246 2858 neglecta

130 2889 160 2946 vi
185 2887 344 2967 positionis
367 2888 396 2946 in
416 2888 515 2947 medio
539 2890 651 2948 cretico
677 2889 776 2948 dicam
800 2890 889 2948 infra.

214 2993 373 3069 Defuugar
395 2993 511 3054 duobus
533 3005 695 3073 praeterea
709 2997 922 3075 Rocperianae
938 2995 1062 3054 criticae
1079 2991 1244 3070 exemplis:

130 3100 192 3160 alia
218 3099 291 3157 data
318 3102 542 3178 opportunitate
563 3103 719 3179 attingam.
765 3111 982 3158 memsomnou
1005 3101 1042 3160 fr.
1065 3111 1081 3161 5
1104 3099 1147 3156 ita
1171 3097 1243 3155 scri-

129 3206 210 3264 bitur
231 3206 263 3263 in
283 3204 368 3265 libris
395 3206 487 3284 (Non.
503 3228 533 3286 p.
555 3217 599 3279 82,
625 3206 684 3285 13):
708 3225 760 3265 uec
782 3212 878 3267 dolore
898 3209 1056 3282 udiusurou
1075 3222 1146 3273 esse,
1170 3208 1247 3278 quod

125 3315 308 3388 philosophia
326 3317 562 3371 ccumoluxurem
583 3331 618 3372 eu
637 3323 751 3387 putrem
775 3332 865 3387 uequc
881 3320 955 3371 irato
972 3315 1042 3371 milui
1056 3329 1165 3369 auersos
1181 3315 1246 3368 dedi

130 3441 279 3495 umquam,
310 3436 401 3492 rtuqrue
429 3422 574 3492 cupiditas
602 3439 658 3478 uou
684 3423 809 3493 inposuit
828 3420 939 3492 frenos.
984 3419 1020 3477 In
1043 3416 1153 3498 quibus
1177 3438 1243 3475 crim

129 3528 201 3586 olim
222 3526 275 3584 alii
297 3525 357 3583 alia
377 3526 596 3598 correxissent,
626 3525 786 3604 Roeperus
810 3545 847 3583 ea
872 3533 903 3583 et
927 3544 1034 3584 versus
1058 3543 1126 3583 esse
1150 3524 1244 3582 etita

129 3631 320 3693 emendanda
341 3632 498 3718 putavit:-

279 3749 339 3807 Ne'c
364 3747 485 3824 [dubito]
510 3752 606 3807 dote're
627 3753 806 3825 adiaphoros
828 3751 907 3808 essu:
929 3753 1005 3823 puost
1017 3753 1202 3826 philosophia

280 3858 488 3914 Oritumaluuuri
509 3853 634 3913 (inimum
656 3864 684 3913 et
705 3863 768 3913 ortu
791 3857 882 3930 ue'que
904 3860 970 3913 ueui
990 3858 1063 3913 irato
1084 3860 1155 3914 mitt
1232 3843 1234 3846 ¹

278 3953 421 4035 'Unquam
443 3954 573 4019 hatenus
593 3963 646 4022 udo
668 3968 706 4020 uri
724 3964 828 4036 frenos
848 3963 989 4036 impusiuit
1010 3967 1163 4037 cupiditas.

127 4083 193 4144 vel:
243 4085 273 4141 U.
296 4083 324 4138 u.
348 4080 439 4154 ue'que
460 4084 604 4153 cupiditus
623 4081 758 4166 imposuit
776 4084 880 4156 [reuss
903 4083 979 4139 miti.

127 4201 212 4262 Nihil
236 4200 334 4259 dicam
356 4197 549 4257 demutandi
571 4198 787 4273 moliminibus,
810 4220 937 4279 quorum
960 4200 1094 4260 insolens
1116 4200 1244 4260 licentia

127 4310 277 4369 neminem
300 4306 393 4383 fugit:
424 4327 481 4365 nec
507 4306 657 4365 excutiam
679 4325 802 4378 versus,
830 4306 862 4364 in
885 4304 993 4384 quibus
1016 4315 1062 4365 est
1090 4305 1173 4385 quod
1195 4329 1243 4367 re-
