2760 4890
129 327 169 386 26
560 332 814 380 conmortuus.

218 471 268 556 dii
281 497 425 570 quondam
447 512 511 552 eum
524 495 616 550 subito
634 509 698 550 eum
713 493 850 551 uidissent
868 495 945 550 Gelli
962 491 1188 567 quddrupedem,

218 595 374 680 Tpmpanis
395 604 465 660 oded
483 602 619 673 fecerunt
640 599 787 657 mdnsuem
810 606 841 656 ut
863 599 1025 657 tractarent
1046 619 1142 658 manu.

130 757 215 835 Quos
237 757 365 836 primum
387 752 544 813 commoda
565 750 765 810 membrorum
787 771 855 810 cum
874 771 1016 811 versuum
1038 752 1147 812 finibus
1171 773 1245 812 con-

130 864 268 943 gruentia
289 883 349 922 non
370 861 481 920 leviter
502 857 702 918 commendat.
740 878 828 916 manu
845 880 899 938 pro
915 863 1026 917 manib:
1049 860 1158 938 scripsi
1175 877 1247 918 cum

129 955 269 1049 Roepero
297 968 329 1026 in
355 966 445 1024 tertio
474 983 582 1037 versu,
610 966 661 1044 qui
693 975 827 1024 ceterum
850 968 962 1046 optime
984 966 1059 1024 fluit.
1100 964 1246 1024 Secundo

128 1099 190 1137 non
205 1074 324 1136 ‚licebat
347 1073 412 1131 sine
435 1072 540 1150 aliqua
561 1072 785 1132 machinatione
807 1072 947 1149 defungi:
979 1091 1044 1131 cum
1066 1074 1157 1154 subito
1179 1089 1247 1129 eum

128 1181 300 1260 transposui
334 1199 389 1257 pro
424 1181 515 1237 subito
547 1197 611 1236 eum
645 1198 710 1236 cum
742 1188 772 1237 et
804 1184 1020 1254 quadrupedem
1054 1180 1130 1238 Gelli
1163 1177 1245 1257 quod

128 1288 259 1348 traditur
279 1287 401 1345 inverso
425 1283 530 1342 ordine
552 1282 638 1341 dedi:
673 1304 734 1362 qua
755 1304 788 1343 re
809 1283 890 1364 quod
914 1287 1035 1363 septimi
1055 1285 1143 1365 pedis
1166 1285 1246 1344 arsis

129 1395 229 1453 soluta
251 1400 315 1465 est,
337 1391 369 1450 id
390 1411 451 1449 non
469 1389 565 1465 magis
586 1391 782 1449 excusatione
805 1399 890 1467 eget,
915 1412 1004 1470 quam
1024 1390 1105 1473 quod
1126 1389 1244 1449 duobus

129 1499 278 1580 prioribus
300 1496 439 1557 versibus
460 1505 529 1576 post
551 1505 689 1575 quartam
711 1498 801 1556 arsim
823 1497 980 1557 inciditur:
1018 1499 1058 1557 cf.
1081 1496 1246 1556 Ritschelii

128 1608 345 1686 prolegomena
370 1604 401 1662 in
420 1604 523 1663 Plauti
543 1603 751 1662 Trinummum
775 1626 805 1683 p.
831 1622 978 1665 ocnxmv.
1021 1605 1114 1667 Primi
1142 1615 1247 1664 autem

128 1730 252 1783 versus,
281 1711 312 1769 in
335 1730 393 1790 quo
414 1709 490 1768 nihil
512 1709 550 1769 de
573 1710 718 1769 memoria
739 1709 884 1770 librorum
906 1713 1050 1786 discessi,
1080 1713 1140 1771 nisi
1162 1711 1245 1791 quod

130 1819 202 1877 olim
222 1817 374 1896 prolatum
392 1834 424 1874 eo
445 1836 499 1895 pro
522 1833 537 1872 e
558 1816 681 1894 scripsi,
712 1817 814 1874 malim
837 1819 881 1876 sic
903 1820 1086 1879 constituere
1112 1819 1244 1878 exitum:

522 1972 603 2042 opud
622 1969 705 2026 Idam
724 1963 759 2028 ἑὸ
783 1974 852 2029 loco.

212 2123 373 2182 Illustrata
392 2122 526 2180 musicae
547 2121 619 2179 artis
641 2141 680 2180 ne
703 2142 721 2179 a
749 2121 795 2180 dis
823 2123 946 2202 quidem
967 2124 1086 2184 alienae
1108 2123 1244 2183 sublimi·

128 2241 191 2291 tate
212 2251 249 2289 ac
267 2229 393 2288 mirifica
412 2236 474 2285 tam
492 2228 523 2285 in
537 2227 675 2286 homines
696 2247 787 2307 quarn
804 2231 835 2286 in
853 2229 996 2287 animalia
1016 2230 1170 2302 efficacia,
1196 2251 1244 2289 ar·

127 2339 204 2398 tifex
221 2337 274 2396 ille
290 2336 420 2394 musicus
441 2334 520 2392 ultro
537 2332 576 2392 ad
593 2335 812 2393 enucleandam
831 2355 915 2408 eam,
940 2357 999 2416 qua
1016 2338 1089 2396 artis
1108 2337 1244 2396 facultas

129 2452 337 2522 comparetur,
360 2439 441 2498 viam
462 2448 493 2497 et
513 2440 663 2499 rationem
684 2442 828 2500 defertur.
873 2441 972 2518 Quam
991 2463 1052 2501 non
1070 2450 1184 2502 temere
1209 2464 1245 2502 ac

129 2551 210 2609 dicto
229 2550 330 2629 aliquo
346 2545 507 2623 imperioso
526 2547 644 2624 anquiri
667 2546 756 2605 docet
777 2547 904 2625 primum
927 2547 1081 2626 exemplo,
1107 2549 1246 2627 apprime

129 2655 168 2714 ad
191 2651 397 2713 cavillandum
414 2651 487 2709 artis
510 2649 758 2710 calumniatorem
777 2652 926 2731 apposito.
972 2654 1039 2712 Nec
1062 2656 1092 2712 in
1114 2656 1245 2732 tragica,

129 2762 187 2832 ait,
213 2767 279 2818 arte
294 2777 400 2817 servus
417 2766 485 2815 tuus
501 2756 583 2816 rudis
603 2765 633 2816 et
653 2757 822 2835 impolitus,
846 2758 872 2818 si
894 2759 982 2818 modo
1004 2760 1148 2833 iusseris,
1172 2781 1244 2820 con-

129 2865 232 2923 festim
252 2871 356 2943 partes
377 2863 535 2941 primarias
559 2862 716 2923 obtinebit.
803 2873 806 2878 '

213 3003 292 3062 XIV
307 3000 348 3080 (l)
371 3023 452 3064 uoces
467 3007 652 3079 Amphionem
667 3009 848 3079 impactum,
866 3009 964 3064 iubeor
975 3008 1142 3079 Amphionis
1156 3025 1246 3082 opere

293 3113 406 3184 partis,
434 3111 619 3184 infunderem
641 3131 727 3186 quum
748 3119 889 3170 meuses!
909 3116 1055 3171 mulio-
1127 3156 1136 3169 .

127 3251 177 3308 Ita
201 3255 232 3308 et
258 3246 359 3325 capite
388 3252 418 3303 et
442 3246 502 3304 fine
529 3255 698 3306 truncatam
719 3246 902 3306 sententiam
922 3249 1041 3308 Nonius
1064 3248 1190 3311 exhibet
1213 3274 1244 3332 p.

128 3365 177 3429 56,
197 3365 228 3418 9:
259 3374 350 3435 quam
372 3352 446 3410 licet
477 3353 627 3429 integram
655 3353 754 3411 animo
780 3353 960 3426 informare,
990 3364 1023 3413 ut
1045 3374 1084 3413 ne
1106 3355 1245 3418 litterula

129 3459 250 3539 quidem
278 3460 309 3518 in
331 3456 444 3518 tradita
470 3459 619 3536 scriptura
643 3458 819 3535 attingatur.
864 3460 932 3518 Hoc
956 3459 1045 3520 dicit:
1075 3481 1165 3521 servo
1189 3473 1243 3523 tuo
1301 3509 1303 3511 .

127 3567 179 3625 vel
208 3565 339 3624 mulione
366 3584 433 3622 meo
456 3564 612 3623 infantiori
633 3563 814 3643 Amphionis
836 3565 974 3642 tragoedi
998 3587 1108 3626 nomen
1132 3568 1243 3645 addas,

128 3693 165 3731 ac
185 3670 291 3730 iubeas
310 3690 378 3729 eum
392 3671 571 3751 Amphionis
592 3689 685 3746 agere
704 3677 823 3748 partes:
845 3669 964 3729 videbis
980 3672 1056 3731 nihil
1077 3694 1163 3749 esse,
1185 3698 1244 3736 nec

129 3779 290 3858 quicquam
310 3778 392 3836 iussu
413 3786 464 3836 tuo
488 3777 528 3836 ad
549 3786 644 3836 artem
665 3774 781 3853 profici.
832 3757 961 3836 Servum
987 3776 1047 3836 dici
1077 3798 1145 3838 cum
1173 3782 1243 3861 ipsa

128 3884 280 3943 sententia
309 3892 339 3943 et
366 3884 506 3943 mulionis
536 3883 779 3942 commemoratio
809 3883 951 3955 suadeat,
982 3893 1045 3942 tum
1073 3904 1124 3958 ea,
1157 3888 1242 3947 cuius

127 3991 331 4049 Mommsenus
360 4010 407 4049 me
442 3990 600 4061 admonet,
642 3988 827 4048 consuetudo
855 3989 1059 4048 Romanorum
1090 3993 1242 4071 mancipia

128 4092 243 4172 duplici
270 4096 390 4156 nomine
413 4094 605 4173 significandi
628 4103 659 4153 et
684 4096 805 4173 proprio
830 4104 859 4155 et
882 4117 941 4176 quo
965 4116 1068 4155 eorum
1089 4096 1242 4159 indicetur
1288 4107 1292 4116 '

129 4199 270 4259 officium.
304 4201 380 4260 Mihi
396 4202 427 4259 iu
444 4210 584 4280 promptu
599 4210 669 4260 sunt
685 4202 763 4260 haec
782 4203 937 4281 exempla,
962 4222 1040 4282 quae
1057 4203 1166 4277 facile,
1191 4208 1242 4286 qui

130 4306 275 4365 curiosius
294 4307 442 4384 inquirat,
464 4307 655 4367 accumulare
676 4308 789 4385 possit:
813 4308 974 4368 Suetonius
991 4311 1023 4368 in
1038 4310 1103 4369 vita
1119 4310 1242 4371 Olaudii
