2760 4890
203 318 264 380 176
632 327 888 384 conmortuus.

201 487 392 547 Lachmanni
414 485 637 562 emendatione,
660 489 843 569 quemfecit
864 490 896 548 in
917 487 1186 568 ea·disputatioue
1203 509 1268 570 qna
1286 489 1325 550 de

204 593 309 656 Ovidii
335 592 533 674 epistularum
564 602 667 654 aetate
696 603 727 654 et
748 598 929 656 auctoritate
952 595 1016 672 egit
1047 592 1127 676 (ind.
1148 594 1222 656 lect.
1247 604 1326 656 aest.

203 702 307 762 Berol.
333 722 361 760 a.
385 709 454 763 1848
476 720 504 778 p.
528 699 570 779 3).
614 700 710 760 Nonii
732 701 921 781 exemplaria
943 721 973 780 p.
996 709 1055 777 119,
1079 709 1096 761 2
1117 709 1201 770 acuta
1226 700 1325 783 (quod

200 809 320 888 pridem
356 817 524 867 correctum
556 828 575 867 a
606 805 755 867 Salmasio
797 807 948 869 Oehlerus
978 807 1084 870 addito
1123 807 1228 869 ‘recte
1262 810 1323 868 for·

202 915 297 975 tasse'
322 913 449 990 dimisit)
478 919 556 974 video
578 947 621 956 —-
643 918 693 989 qui
720 919 786 973 dam
809 933 911 975 esseae
933 920 1006 975 liora
1027 935 1094 974 nam
1118 917 1250 974 adlatam
1271 920 1323 974 im·

197 1029 320 1096 poneret
349 1024 450 1079 aedilis
475 1024 617 1118 stararias
646 1029 673 1079 et
698 1024 780 1079 deam
802 1041 829 1096 a.
853 1041 878 1081 a.
901 1024 1063 1080 retinebant
1082 1025 1186 1080 stadia.
1232 1019 1323 1100 Quae

200 1129 334 1206 graviter
353 1180 356 1184 .
374 1135 516 1207 corrupta
547 1126 642 1185 multa
677 1128 849 1187 criticorum
881 1129 1040 1188 conamina
1067 1127 1154 1187 irrita
1182 1136 1217 1187 ut
1240 1148 1322 1187 nunc

200 1237 330 1314 apparet
359 1234 458 1291 omnia
485 1233 676 1312 procreavit:
714 1253 793 1313 quae
821 1235 881 1293 iam
911 1254 971 1294 nou
1005 1243 1051 1296 est
1080 1232 1164 1315 quod
1195 1253 1322 1294 accura-

200 1343 260 1401 tius
282 1359 473 1401 recenseam.
509 1337 560 1397 Ad
584 1339 720 1399 eiusdem
741 1340 933 1399 Lachmanni
955 1349 1088 1400 mentem
1108 1341 1218 1421 scripsi
1240 1361 1322 1401 nunc

199 1468 306 1508 versus
331 1447 381 1527 qui
407 1454 477 1505 sunt
507 1447 538 1504 in
570 1445 606 1504 fr.
635 1445 696 1504 IV:
731 1444 769 1505 de
797 1445 907 1528 quibus
938 1444 1091 1526 disputavi
1120 1467 1151 1526 p.
1185 1457 1217 1512 19
1246 1467 1322 1528 sqq,

199 1564 263 1614 tum
293 1556 417 1633 ignarus
444 1551 715 1611 Lachmannianae
744 1553 958 1630 restitutionis,
986 1573 1076 1634 qnam
1098 1555 1220 1614 interim
1242 1553 1322 1614 indi·

201 1664 283 1721 cavit
304 1660 377 1719 milri
399 1658 632 1718 Fleckeisenus.
661 1657 763 1717 Pudet
783 1678 831 1718 me
853 1659 909 1718 illa
930 1660 1192 1734 tum'nescivisse,
1213 1680 1320 1740 quarn-

200 1789 291 1850 quam
322 1759 537 1847 disputationis
572 1763 676 1841 ipsius·
700 1783 739 1824 ne
772 1784 854 1824 nunc
885 1765 1009 1845 quidem
1041 1766 1188 1846 paenitet.
1239 1765 1322 1824 Nam

200 1873 280 1956 quod
312 1874 444 1933 maxime
474 1872 618 1930 evincere
647 1869 821 1945 studebam,
848 1872 994 1932 Varronis
1017 1871 1214 1951 galliambos,
1243 1890 1321 1950 quos

199 1981 273 2040 satis
302 1979 430 2038 licenter
452 1976 591 2036 nonnulli
618 1975 801 2051 habuerant,
828 1997 889 2036 non
918 1975 1065 2038 recedere
1094 1998 1113 2037 a
1142 1975 1322 2037 Catulliana

199 2087 380 2158 severitate,
412 2085 471 2144 hoc
499 2102 581 2141 nunc
608 2079 797 2141 Lachmanni
826 2082 939 2141 iudicio
974 2083 1182 2143 confirmatum
1209 2081 1319 2142 video:

198 2202 364 2253 ut-eorrm
396 2210 475 2271 quae
509 2188 695 2269 reprobarim
727 2208 768 2248 ns
795 2207 878 2248 nunc
912 2187 1035 2267 quidem
1059 2189 1223 2270 quicquam
1251 2207 1320 2266 pro·

120 2322 125 2335 r
168 2336 172 2343 -
198 2299 271 2357 bare
291 2295 436 2356 debeam:
466 2294 519 2355 sed
537 2297 604 2374 ipse
625 2313 692 2352 cum
709 2275 860 2370 reingere
885 2293 925 2353 ad
947 2294 1062 2355 Catulli
1085 2294 1226 2373 regulam
1248 2295 1319 2354 illos

197 2424 305 2464 versus
327 2403 474 2464 Varronis
502 2402 706 2479 susciperem,
741 2400 841 2459 erravi
864 2419 900 2460 eo
925 2401 1071 2474 maxime,
1100 2401 1184 2482 qnod
1203 2403 1319 2481 repeti·

197 2520 261 2570 tum
281 2512 331 2567 tibi
350 2527 515 2588 pronomen
536 2527 605 2566 cum
627 2505 833 2583 superioribus
853 2507 992 2567 omnibus
1011 2506 1051 2567 ad
1072 2509 1170 2587 ipsam
1191 2517 1320 2580 matrem

199 2615 288 2676 deum
310 2615 473 2675 referrem:
497 2610 569 2670 inde
586 2631 653 2670 curn
674 2613 763 2668 matri
784 2615 867 2670 deam
886 2611 950 2692 (vel
963 2623 1056 2673 mater
1072 2618 1169 2691 deam)
1188 2635 1207 2674 a
1223 2635 1318 2676 versu

198 2722 391 2796 abhorreret,
421 2719 521 2777 matri’
541 2725 642 2777 autem
663 2721 746 2775 deam
771 2718 976 2790 concinnitate
999 2720 1171 2780 sententiae
1192 2741 1318 2802 respue·

197 2834 297 2899 retur,
319 2826 386 2904 ipss
403 2826 522 2885 ratione
545 2845 580 2885 eo
604 2823 734 2899 ferebar,
756 2833 789 2884 ut
812 2823 850 2884 de
873 2826 1111 2906 interpolatione
1132 2827 1317 2906 cogitarem:

196 2951 278 2990 nunc
309 2951 461 2992 cumnon
482 2941 610 2992 matrem
632 2930 736 3005 deum,
761 2929 816 2991 sed
838 2932 927 2993 Attin
949 2934 1100 3014 appellari
1122 2935 1317 3016 exploratum

197 3039 252 3112 sit,
281 3058 338 3098 sua
366 3049 473 3120 sponte
495 3040 592 3099 fluunt
615 3039 715 3098 omnia
733 3047 766 3098 ut
787 3058 880 3118 supra
901 3041 1019 3120 scripsi.
1063 3039 1205 3122 Cumque
1226 3043 1259 3102 in
1282 3062 1318 3102 eo

197 3145 372 3225 galliambo,
395 3167 484 3227 quem
505 3145 679 3206 Meinekius
703 3154 887 3221 agnoverat:

350 3303 469 3376 Spatale
491 3302 611 3360 eviravit
632 3315 729 3375 omnes
750 3303 922 3375 aeaemaaaa
937 3316 1046 3374 pueros

197 3457 373 3518 dubitanter
397 3454 553 3533 cogitarim
576 3450 614 3512 de
637 3451 873 3530 transpositione
895 3471 1006 3526 pueros
1028 3437 1217 3528 aeaeriaaga,
1249 3475 1316 3514 earn

195 3585 275 3624 nunc
293 3572 432 3624 secutum
449 3580 517 3621 esse
532 3560 762 3619 Lachmannnm
778 3577 938 3635 cognosco,
955 3560 1008 3640 qui
1018 3579 1150 3632 versum,
1169 3579 1232 3639 quo
1244 3559 1316 3619 item

174 3671 283 3750 ‚Attin
302 3670 469 3750 significari
490 3669 670 3749 suspicatur,
690 3666 735 3726 sic
757 3665 907 3724 restituit:

348 3826 470 3898 Spatale
491 3825 611 3882 eviravit
629 3837 725 3880 omres
744 3836 852 3894 pueros
882 3820 1066 3895 Venertfaaa.

194 3994 246 4052 Fr.
267 3994 311 4066 V,
342 3992 424 4073 quod
451 3991 575 4074 quidem
601 3989 640 4050 ad
668 3988 798 4050 eundem
826 3998 947 4049 cantum
973 3989 1121 4068 gallorum
1150 3990 1246 4051 velim
1267 4012 1315 4052 rc·

194 4100 278 4173 ferri,
298 4119 360 4158 non
381 4106 482 4178 potest
497 4107 599 4158 tamen
618 4117 699 4156 nunc
713 4097 879 4172 artissime,
905 4096 987 4178 quod
999 4086 1160 4178 putabam,
1180 4117 1250 4158 cum
1265 4119 1315 4159 su·

192 4205 363 4285 perioribus
382 4205 510 4264 conecti.
539 4206 590 4264 De
605 4204 643 4264 fr.
659 4204 706 4264 Vl
723 4204 878 4266 sententia
899 4211 930 4262 et
951 4223 1008 4264 usu
1031 4202 1157 4265 discedo
1177 4224 1197 4263 a
1212 4205 1314 4266 Lach-

193 4331 320 4384 manno,
349 4313 401 4391 qui
428 4313 526 4390 ipsum
553 4309 642 4370 Attin
667 4332 707 4371 ex
735 4332 788 4370 ara
816 4313 974 4372 excantari
1003 4312 1182 4372 arbitratur:
1221 4333 1314 4393 quam
