2760 4890
213 320 255 392 io
643 330 917 388 conmortuus(

212 500 250 559 In
270 519 329 580 quo
351 514 443 558 versu
464 516 482 558 a
502 499 630 558 metrica
650 499 768 558 ratione
789 497 874 557 nulla
899 498 1041 570 offensio,
1068 499 1094 556 si
1114 496 1240 578 quidem
1257 517 1326 584 pro-

212 606 337 678 bantur,
365 623 444 686 quae
476 622 568 683 supra
596 603 641 663 de·
662 605 790 663 senariis
819 603 901 683 apud
921 606 1090 665 Varronem
1118 605 1217 683 tetigi.
1262 607 1326 665 De-

211 714 360 773 minutiva
388 710 509 790 saepius
534 707 650 768 librarii
670 709 887 786 obscurarunt,
914 713 999 771 utin
1019 711 1066 770 his
1086 712 1162 792 ipsis
1183 711 1326 771 versibus

211 825 343 903 cinciapr'-
362 817 512 878 dedenmt
529 835 584 894 pro
604 816 783 876 cincinnatis.
827 818 922 879 Plura
944 818 1114 879 deeodem
1135 837 1251 894 genere
1274 836 1326 878 ex-

211 945 347 1007 promam
380 925 469 984 infra.
514 922 654 996 Regillum
688 928 844 983 tuniculam
874 924 968 985 habet
994 925 1123 985 alterum
1152 925 1236 1004 apud
1263 925 1328 984 No·

211 1035 293 1094 nium
322 1030 508 1110 exemplum,
538 1027 621 1108 quod
645 1028 684 1088 de
707 1029 838 1109 Epidico
866 1031 970 1093 Plauti
993 1042 1041 1093 est
1064 1033 1146 1105 112,
1169 1041 1214 1096 39.
1249 1032 1334 1108 ⁴Nec

211 1144 372 1217 distinpuit,
394 1156 462 1198 cum
483 1134 673 1195 commodum
695 1138 735 1196 sit
753 1137 794 1196 ad
813 1141 1005 1214 sententiam,
1028 1138 1118 1198 nimis
1139 1158 1159 1197 a
1180 1136 1327 1198 librorum

102 1321 106 1325 ,
212 1247 362 1325 scriptura
381 1247 544 1320 diffinpr'wr
566 1241 720 1318 (disfinpr't)
744 1243 884 1304 discedit.
924 1247 984 1305 Pro
1007 1265 1043 1304 eo
1064 1244 1146 1326 quod
1160 1245 1218 1332 ,alii
1239 1265 1328 1324 repo·

212 1360 351 1423 suerunt,
374 1349 425 1409 vol
447 1371 539 1411 sensu
559 1350 611 1409 vel
633 1368 724 1408 versu
745 1349 797 1409 vel
816 1360 944 1429 utroque
966 1354 1134 1431 respuitur:
1164 1353 1251 1413 velut
1270 1354 1327 1428 dis-

209 1461 358 1534 sunpitur,
386 1460 572 1532 disctnpitur:
596 1475 654 1514 neo
677 1456 776 1534 ipsum
802 1457 952 1536 Scaligeri
982 1459 1127 1533 diffinitur
1154 1460 1256 1542 habeo
1277 1459 1329 1541 qui

213 1565 373 1646 explicem.
429 1561 512 1641 Quid
538 1561 611 1621 'vero
641 1561 694 1620 fiat
723 1562 876 1636 Oehlero,
905 1563 956 1642 qui
983 1565 1086 1624 versui
1111 1567 1143 1627 in
1170 1576 1259 1628 textu
1285 1568 1328 1626 ita

216 1687 377 1753 expresso:

290 1834 294 1841 .
364 1780 505 1851 Repitlam
524 1778 649 1833 tunicam
671 1777 802 1849 discinpit
819 1781 958 1851 purpurei

213 1887 293 1945 hanc
314 1883 540 1944 adnotationem
560 1880 704 1943 subiecit:
728 1883 873 1957 ‘dr’scinpr't
888 1902 1028 1959 purpura
1052 1884 1107 1964 (=
1122 1887 1225 1965 privat
1249 1886 1281 1946 h.
1302 1906 1327 1946 e.

213 1991 365 2072 praestet)
386 1997 490 2050 nostra
513 1989 687 2047 coniectura
709 1987 778 2045 est!

299 2073 374 2160 Post
400 2106 447 2157 tot
472 2097 614 2155 minutias
643 2095 764 2154 criticas
791 2092 884 2153 liceat
918 2097 978 2156 iam
998 2099 1096 2178 ipsum
1118 2110 1327 2178 argumentum

213 2215 336 2266 saturae
352 2213 502 2284 repetere.
533 2202 596 2264 Ubi
614 2203 705 2279 igitur
727 2190 926 2278 ἔγκωμιαστὴς
943 2223 1028 2263 snam
1050 2206 1135 2265 illam
1155 2207 1327 2268 laudatiun-

214 2311 313 2372 culam
343 2310 501 2382 recitavit,
543 2327 582 2367 ex
618 2307 788 2367 auditorum
824 2326 936 2367 corona
969 2287 1207 2372 obtrectatorum
1237 2335 1328 2375 voces

214 2425 381 2496 emergunt.
426 2416 478 2477 Sic
505 2415 647 2489 coniicio,
671 2414 727 2474 sed
748 2414 930 2490 dubitanter,
954 2436 1045 2476 unum
1072 2438 1176 2478 eorum
1197 2420 1278 2482 haec
1300 2423 1328 2480 in

215 2534 366 2584 oratorem
384 2524 512 2583 iecisse:

222 2604 225 2610 Ι
299 2633 328 2693 V
351 2630 396 2709 (1)
432 2631 486 2688 Ille
513 2630 573 2685 cler
599 2630 707 2702 pallus,
738 2633 788 2703 qni
813 2632 971 2689 suscitabat
998 2634 1159 2692 Atticarum
1181 2633 1328 2696 musarum

365 2741 531 2810 scriptores,
554 2754 593 2792 cn
614 2737 660 2794 bic
682 2739 733 2809 qui
751 2753 866 2811 prepem
888 2739 1078 2795 robustarum?

214 2846 333 2924 Nempe
359 2845 490 2902 fortasse
519 2831 721 2919 ἐγκωμιαστής
750 2842 951 2904 iactabundus
977 2864 1010 2905 se
1035 2845 1151 2924 gallum
1179 2859 1330 2911 oratorum

214 2957 381 3010 vocaverat
401 2950 433 3008 in
454 2950 625 3028 prooemio,
648 2948 903 3031 quemadmodum
923 2953 1055 3012 musicus
1076 2955 1108 3012 in
1129 2964 1236 3015 satura
1261 2965 1328 3015 Osoc

178 3050 180 3054 ’
214 3063 304 3112 Arrio
334 3074 368 3114 so
397 3057 583 3115 cantantium
612 3053 689 3112 dixit
716 3053 830 3131 gallum
851 3056 1066 3133 gallinaceum.
1110 3060 1153 3119 Ut
1171 3061 1245 3122 inde
1266 3072 1331 3122 orta

132 3232 141 3243 ι
214 3162 254 3220 sit
274 3163 379 3220 iocosa
401 3161 614 3221 obtrectatoris
641 3160 768 3220 alicuius
790 3163 1004 3242 interrogatio,
1031 3175 1131 3225 utrum
1154 3166 1207 3228 ille
1229 3169 1330 3248 gallus

215 3269 271 3341 sit,
301 3286 397 3348 aquo
418 3268 515 3328 Attici
537 3269 699 3348 scriptores
721 3270 860 3328 suscitati
878 3270 948 3345 sint,
977 3292 1016 3332 an
1037 3275 1087 3333 hio
1105 3275 1156 3355 qui
1176 3278 1331 3337 concitare

123 3357 126 3364 ’
214 3373 387 3434 nebularum
418 3395 544 3453 gregem
569 3375 771 3434 consueverit.
816 3375 878 3435 Sed
904 3376 983 3437 haec
1009 3390 1042 3440 ut
1070 3402 1131 3441 non
1158 3403 1213 3461 pro
1239 3385 1332 3444 certis

215 3480 356 3554 vendito,
384 3481 428 3540 ita
446 3481 575 3555 nemini,
603 3483 724 3562 opinor,
749 3481 875 3542 Oehleri
897 3487 1050 3546 sententia
1069 3487 1215 3566 placebit.
1261 3489 1331 3549 Hoc

215 3587 296 3653 addo
324 3595 408 3647 recte
435 3588 606 3647 Mercerum
629 3593 681 3661 qui
704 3607 819 3665 prepcm
842 3592 1016 3671 scripsisse:
1050 3612 1119 3652 cum
1139 3595 1171 3653 in
1192 3594 1279 3656 libris
1301 3618 1330 3676 p.

215 3702 259 3767 26,
280 3704 314 3756 tl
336 3695 377 3753 sit
396 3699 479 3770 quia,
505 3691 639 3754 Oehlero
657 3695 832 3774 probatum:
861 3697 961 3758 eidem
982 3683 1121 3783 Mercdro
1142 3700 1272 3762 debetur
1290 3695 1357 3761 at·¹

215 3805 355 3860 tinorum:
390 3801 511 3861 codices
534 3803 695 3872 asinarum,
711 3800 833 3886 ‚Aldina
854 3809 896 3864 ott
915 3809 1029 3877 barum,
1051 3807 1083 3865 in
1106 3810 1164 3886 quo
1187 3809 1255 3882 erit,
1279 3809 1332 3889 qui

216 3926 391 3983 germanam
415 3909 595 3987 scripturam
622 3919 778 3987 agnoscat.
823 3886 967 3994 Denique
995 3915 1054 3974 nisi
1076 3933 1124 3973 me
1144 3912 1258 3973 fallunt
1280 3934 1331 3972 au-

102 4072 105 4079 ,
200 4032 266 4072 vres
284 4015 400 4074 numeri
417 4015 533 4073 insunt:

644 4207 652 4223 ,
823 4127 870 4183 ille
891 4129 953 4211 ales
971 4126 1067 4202 pdtlus

370 4229 426 4297 Qua·
445 4229 602 4287 adscitcbct
623 4233 785 4288 Atticarum
807 4234 955 4290 muitarum
978 4235 1137 4305 compleres

368 4337 415 4392 Aa
433 4333 481 4391 ln'c
503 4338 553 4407 qui
573 4338 744 4395 rubalarrim
762 4329 894 4412 prepcnt.¹
