<?xml version="1.0" encoding="UTF-8"?>
<!DOCTYPE html PUBLIC "-//W3C//DTD XHTML 1.0 Transitional//EN"
    "http://www.w3.org/TR/xhtml1/DTD/xhtml1-transitional.dtd">
<html xmlns="http://www.w3.org/1999/xhtml" xml:lang="en" lang="en">
 <head>
  <title>
</title>
<meta http-equiv="Content-Type" content="text/html;charset=utf-8" />
  <meta name='ocr-system' content='tesseract 3.04.00' />
  <meta name='ocr-capabilities' content='ocr_page ocr_carea ocr_par ocr_line ocrx_word'/>
</head>
<body>
  <div class='ocr_page' id='page_1' title='image "./ioannisvahlenii00vahlgoog_0181.png"; bbox 0 0 2760 4890; ppageno 0'>
   <div class='ocr_carea' id='block_1_1' title="bbox 661 1170 848 1277">
    <p class='ocr_par' dir='ltr' id='par_1_1' title="bbox 661 1170 848 1277">
     <span class='ocr_line' id='line_1_1' title="bbox 661 1170 848 1277; baseline 0.011 -2"><span class='ocrx_word' id='word_1_1' title='bbox 661 1170 848 1277; x_wconf 79' lang='lat' dir='ltr'>v111&#39;</span> 
     </span>
    </p>
   </div>
   <div class='ocr_carea' id='block_1_2' title="bbox 239 1413 1133 1489">
    <p class='ocr_par' dir='ltr' id='par_1_2' title="bbox 239 1413 1133 1489">
     <span class='ocr_line' id='line_1_2' title="bbox 239 1413 1133 1489; baseline -0.004 -10"><span class='ocrx_word' id='word_1_2' title='bbox 239 1418 398 1479; x_wconf 84' lang='lat' dir='ltr'><strong>Postremo</strong></span> <span class='ocrx_word' id='word_1_3' title='bbox 421 1416 454 1475; x_wconf 90' lang='lat' dir='ltr'><strong>in</strong></span> <span class='ocrx_word' id='word_1_4' title='bbox 475 1413 534 1474; x_wconf 89' lang='lat' dir='ltr'><strong>hae</strong></span> <span class='ocrx_word' id='word_1_5' title='bbox 557 1414 813 1475; x_wconf 76' lang='lat' dir='ltr'><strong>commentatione</strong></span> <span class='ocrx_word' id='word_1_6' title='bbox 837 1415 903 1475; x_wconf 91' lang='lat' dir='ltr'><strong>eius</strong></span> <span class='ocrx_word' id='word_1_7' title='bbox 922 1422 1058 1489; x_wconf 88' lang='lat' dir='ltr'><strong>saturae,</strong></span> <span class='ocrx_word' id='word_1_8' title='bbox 1079 1417 1133 1475; x_wconf 82' lang='lat' dir='ltr'><strong>‘cui</strong></span> 
     </span>
    </p>
   </div>
   <div class='ocr_carea' id='block_1_3' title="bbox 608 1565 825 1619">
    <p class='ocr_par' dir='ltr' id='par_1_3' title="bbox 608 1565 825 1619">
     <span class='ocr_line' id='line_1_3' title="bbox 608 1565 825 1619; baseline 0 -2"><span class='ocrx_word' id='word_1_9' title='bbox 608 1565 825 1619; x_wconf 79' lang='lat' dir='ltr'><strong>EUMENIDES</strong></span> 
     </span>
    </p>
   </div>
   <div class='ocr_carea' id='block_1_4' title="bbox 93 1694 1352 3918">
    <p class='ocr_par' dir='ltr' id='par_1_4' title="bbox 152 1694 1278 2431">
     <span class='ocr_line' id='line_1_4' title="bbox 153 1694 1277 1786; baseline -0.003 -17"><span class='ocrx_word' id='word_1_10' title='bbox 153 1707 344 1784; x_wconf 81' lang='lat' dir='ltr'>inscribitur,</span> <span class='ocrx_word' id='word_1_11' title='bbox 374 1726 434 1765; x_wconf 92' lang='lat' dir='ltr'><strong>non</strong></span> <span class='ocrx_word' id='word_1_12' title='bbox 461 1713 522 1764; x_wconf 89' lang='lat' dir='ltr'><strong>tam</strong></span> <span class='ocrx_word' id='word_1_13' title='bbox 547 1712 751 1784; x_wconf 86' lang='lat' dir='ltr'><strong>pertrectare,</strong></span> <span class='ocrx_word' id='word_1_14' title='bbox 779 1694 1034 1786; x_wconf 77' lang='lat' dir='ltr'><strong>qucm⁸tenuibus</strong></span> <span class='ocrx_word' id='word_1_15' title='bbox 1055 1707 1147 1768; x_wconf 86' lang='lat' dir='ltr'><strong>lineis</strong></span> <span class='ocrx_word' id='word_1_16' title='bbox 1170 1706 1277 1767; x_wconf 90' lang='lat' dir='ltr'><strong>adum·</strong></span> 
     </span>
     <span class='ocr_line' id='line_1_5' title="bbox 154 1812 1278 1898; baseline -0.003 -22"><span class='ocrx_word' id='word_1_17' title='bbox 154 1816 243 1876; x_wconf 88' lang='lat' dir='ltr'><strong>brare</strong></span> <span class='ocrx_word' id='word_1_18' title='bbox 256 1820 465 1898; x_wconf 74' lang='lat' dir='ltr'><strong>argumentum</strong></span> <span class='ocrx_word' id='word_1_19' title='bbox 481 1813 533 1872; x_wconf 84' lang='lat' dir='ltr'><strong>vel</strong></span> <span class='ocrx_word' id='word_1_20' title='bbox 545 1823 662 1893; x_wconf 87' lang='lat' dir='ltr'><strong>partem</strong></span> <span class='ocrx_word' id='word_1_21' title='bbox 675 1813 846 1891; x_wconf 88' lang='lat' dir='ltr'><strong>argumenti</strong></span> <span class='ocrx_word' id='word_1_22' title='bbox 862 1813 1013 1874; x_wconf 87' lang='lat' dir='ltr'><strong>constitui.</strong></span> <span class='ocrx_word' id='word_1_23' title='bbox 1038 1812 1130 1890; x_wconf 77' lang='lat' dir='ltr'><strong>Quod</strong></span> <span class='ocrx_word' id='word_1_24' title='bbox 1147 1816 1229 1875; x_wconf 90' lang='lat' dir='ltr'><strong>enim</strong></span> <span class='ocrx_word' id='word_1_25' title='bbox 1245 1815 1278 1874; x_wconf 89' lang='lat' dir='ltr'><strong>in</strong></span> 
     </span>
     <span class='ocr_line' id='line_1_6' title="bbox 155 1918 1277 2001; baseline -0.004 -17"><span class='ocrx_word' id='word_1_26' title='bbox 155 1924 223 1984; x_wconf 87' lang='lat' dir='ltr'><strong>aliis</strong></span> <span class='ocrx_word' id='word_1_27' title='bbox 246 1921 357 1985; x_wconf 84' lang='lat' dir='ltr'><strong>saturis</strong></span> <span class='ocrx_word' id='word_1_28' title='bbox 374 1918 412 1979; x_wconf 92' lang='lat' dir='ltr'><strong>ob</strong></span> <span class='ocrx_word' id='word_1_29' title='bbox 429 1921 616 1997; x_wconf 78' lang='lat' dir='ltr'><strong>paucitatem</strong></span> <span class='ocrx_word' id='word_1_30' title='bbox 627 1921 825 2001; x_wconf 87' lang='lat' dir='ltr'><strong>reliquiarum</strong></span> <span class='ocrx_word' id='word_1_31' title='bbox 839 1918 961 1995; x_wconf 88' lang='lat' dir='ltr'><strong>eccidit,</strong></span> <span class='ocrx_word' id='word_1_32' title='bbox 980 1927 1014 1978; x_wconf 92' lang='lat' dir='ltr'><strong>ut</strong></span> <span class='ocrx_word' id='word_1_33' title='bbox 1026 1919 1138 1979; x_wconf 87' lang='lat' dir='ltr'><strong>certius</strong></span> <span class='ocrx_word' id='word_1_34' title='bbox 1154 1918 1277 1981; x_wconf 91' lang='lat' dir='ltr'><strong>definiri</strong></span> 
     </span>
     <span class='ocr_line' id='line_1_7' title="bbox 156 2018 1277 2109; baseline -0.002 -20"><span class='ocrx_word' id='word_1_35' title='bbox 156 2051 193 2089; x_wconf 88' lang='lat' dir='ltr'><strong>ac</strong></span> <span class='ocrx_word' id='word_1_36' title='bbox 213 2050 269 2109; x_wconf 91' lang='lat' dir='ltr'><strong>per</strong></span> <span class='ocrx_word' id='word_1_37' title='bbox 290 2034 393 2107; x_wconf 86' lang='lat' dir='ltr'><strong>partes</strong></span> <span class='ocrx_word' id='word_1_38' title='bbox 412 2045 484 2085; x_wconf 88' lang='lat' dir='ltr'><strong>suas</strong></span> <span class='ocrx_word' id='word_1_39' title='bbox 506 2027 642 2107; x_wconf 84' lang='lat' dir='ltr'><strong>reparari</strong></span> <span class='ocrx_word' id='word_1_40' title='bbox 661 2018 871 2105; x_wconf 81' lang='lat' dir='ltr'><strong>argumentum</strong></span> <span class='ocrx_word' id='word_1_41' title='bbox 889 2027 1074 2104; x_wconf 72' lang='lat' dir='ltr'><strong>conpescit,</strong></span> <span class='ocrx_word' id='word_1_42' title='bbox 1096 2026 1154 2087; x_wconf 94' lang='lat' dir='ltr'><strong>hoc</strong></span> <span class='ocrx_word' id='word_1_43' title='bbox 1167 2029 1277 2089; x_wconf 89' lang='lat' dir='ltr'><strong>nescio</strong></span> 
     </span>
     <span class='ocr_line' id='line_1_8' title="bbox 155 2128 1277 2216; baseline 0.004 -24"><span class='ocrx_word' id='word_1_44' title='bbox 155 2149 195 2194; x_wconf 86' lang='lat' dir='ltr'><strong>an</strong></span> <span class='ocrx_word' id='word_1_45' title='bbox 216 2136 254 2194; x_wconf 84' lang='lat' dir='ltr'><strong>in·</strong></span> <span class='ocrx_word' id='word_1_46' title='bbox 270 2128 339 2193; x_wconf 82' lang='lat' dir='ltr'><strong>hac&#39;</strong></span> <span class='ocrx_word' id='word_1_47' title='bbox 349 2131 491 2192; x_wconf 89' lang='lat' dir='ltr'><strong>ubertate</strong></span> <span class='ocrx_word' id='word_1_48' title='bbox 514 2132 768 2211; x_wconf 78' lang='lat' dir='ltr'><strong>fragmentorum,</strong></span> <span class='ocrx_word' id='word_1_49' title='bbox 797 2157 858 2216; x_wconf 91' lang='lat' dir='ltr'><strong>qua</strong></span> <span class='ocrx_word' id='word_1_50' title='bbox 885 2137 983 2196; x_wconf 87' lang='lat' dir='ltr'><strong>vineit</strong></span> <span class='ocrx_word' id='word_1_51' title='bbox 1002 2134 1139 2214; x_wconf 83' lang='lat' dir='ltr'><strong>reliquas</strong></span> <span class='ocrx_word' id='word_1_52' title='bbox 1160 2154 1277 2209; x_wconf 87' lang='lat' dir='ltr'><strong>omnes,</strong></span> 
     </span>
     <span class='ocr_line' id='line_1_9' title="bbox 152 2239 1276 2321; baseline 0.001 -19"><span class='ocrx_word' id='word_1_53' title='bbox 152 2239 361 2321; x_wconf 86' lang='lat' dir='ltr'><strong>prohibeatur.</strong></span> <span class='ocrx_word' id='word_1_54' title='bbox 395 2239 541 2303; x_wconf 88' lang='lat' dir='ltr'><strong>Attamen</strong></span> <span class='ocrx_word' id='word_1_55' title='bbox 560 2241 666 2303; x_wconf 91' lang='lat' dir='ltr'><strong>videor</strong></span> <span class='ocrx_word' id='word_1_56' title='bbox 688 2242 762 2301; x_wconf 88' lang='lat' dir='ltr'><strong>mihi</strong></span> <span class='ocrx_word' id='word_1_57' title='bbox 782 2244 959 2321; x_wconf 89' lang='lat' dir='ltr'><strong>primarium</strong></span> <span class='ocrx_word' id='word_1_58' title='bbox 981 2243 1091 2305; x_wconf 89' lang='lat' dir='ltr'><strong>saltem</strong></span> <span class='ocrx_word' id='word_1_59' title='bbox 1113 2241 1181 2300; x_wconf 88' lang='lat' dir='ltr'><strong>eins</strong></span> <span class='ocrx_word' id='word_1_60' title='bbox 1205 2261 1276 2303; x_wconf 89' lang='lat' dir='ltr'><strong>con·</strong></span> 
     </span>
     <span class='ocr_line' id='line_1_10' title="bbox 155 2347 1276 2431; baseline 0 -23"><span class='ocrx_word' id='word_1_61' title='bbox 155 2347 256 2408; x_wconf 85' lang='lat' dir='ltr'><strong>silium</strong></span> <span class='ocrx_word' id='word_1_62' title='bbox 284 2367 321 2407; x_wconf 90' lang='lat' dir='ltr'><strong>ac</strong></span> <span class='ocrx_word' id='word_1_63' title='bbox 349 2347 537 2427; x_wconf 87' lang='lat' dir='ltr'><strong>peculiarem</strong></span> <span class='ocrx_word' id='word_1_64' title='bbox 565 2350 729 2424; x_wconf 79' lang='lat' dir='ltr'><strong>rationem,</strong></span> <span class='ocrx_word' id='word_1_65' title='bbox 764 2369 825 2431; x_wconf 89' lang='lat' dir='ltr'><strong>qua</strong></span> <span class='ocrx_word' id='word_1_66' title='bbox 850 2349 881 2409; x_wconf 90' lang='lat' dir='ltr'><strong>id</strong></span> <span class='ocrx_word' id='word_1_67' title='bbox 910 2350 1009 2409; x_wconf 88' lang='lat' dir='ltr'><strong>Varro</strong></span> <span class='ocrx_word' id='word_1_68' title='bbox 1039 2357 1205 2409; x_wconf 78' lang='lat' dir='ltr'><strong>exsecutus</strong></span> <span class='ocrx_word' id='word_1_69' title='bbox 1226 2350 1276 2423; x_wconf 64' lang='lat' dir='ltr'><strong>sit,</strong></span> 
     </span>
    </p>

    <p class='ocr_par' dir='ltr' id='par_1_5' title="bbox 93 2434 1352 3918">
     <span class='ocr_line' id='line_1_11' title="bbox 154 2434 1278 2537; baseline 0.003 -25"><span class='ocrx_word' id='word_1_70' title='bbox 154 2473 217 2513; x_wconf 90' lang='lat' dir='ltr'><strong>non</strong></span> <span class='ocrx_word' id='word_1_71' title='bbox 244 2453 485 2533; x_wconf 87' lang='lat' dir='ltr'><strong>improbabiliter</strong></span> <span class='ocrx_word' id='word_1_72' title='bbox 511 2457 642 2517; x_wconf 85' lang='lat' dir='ltr'><strong>eruisse:</strong></span> <span class='ocrx_word' id='word_1_73' title='bbox 675 2455 756 2516; x_wconf 89' lang='lat' dir='ltr'><strong>unde</strong></span> <span class='ocrx_word' id='word_1_74' title='bbox 785 2434 999 2537; x_wconf 64' lang='lat' dir='ltr'><strong>proficiscenti»</strong></span> <span class='ocrx_word' id='word_1_75' title='bbox 1017 2456 1148 2516; x_wconf 84' lang='lat' dir='ltr'><strong>fortasse</strong></span> <span class='ocrx_word' id='word_1_76' title='bbox 1168 2456 1278 2517; x_wconf 84' lang='lat' dir='ltr'><strong>licebit</strong></span> 
     </span>
     <span class='ocr_line' id='line_1_12' title="bbox 110 2544 1276 2641; baseline 0.003 -23"><span class='ocrx_word' id='word_1_77' title='bbox 110 2544 123 2550; x_wconf 53' lang='grc'><em>’</em></span> <span class='ocrx_word' id='word_1_78' title='bbox 155 2557 320 2639; x_wconf 88' lang='lat' dir='ltr'><strong>aliquando</strong></span> <span class='ocrx_word' id='word_1_79' title='bbox 344 2560 435 2619; x_wconf 89' lang='lat' dir='ltr'><strong>etiam</strong></span> <span class='ocrx_word' id='word_1_80' title='bbox 456 2561 577 2640; x_wconf 89' lang='lat' dir='ltr'><strong>reliqua</strong></span> <span class='ocrx_word' id='word_1_81' title='bbox 596 2563 767 2641; x_wconf 86' lang='lat' dir='ltr'><strong>fragmenta</strong></span> <span class='ocrx_word' id='word_1_82' title='bbox 784 2583 839 2624; x_wconf 89' lang='lat' dir='ltr'><strong>suo</strong></span> <span class='ocrx_word' id='word_1_83' title='bbox 860 2571 967 2622; x_wconf 87' lang='lat' dir='ltr'><strong>tenore</strong></span> <span class='ocrx_word' id='word_1_84' title='bbox 989 2563 1188 2623; x_wconf 79' lang='lat' dir='ltr'><strong>intertexere.</strong></span> <span class='ocrx_word' id='word_1_85' title='bbox 1225 2563 1276 2621; x_wconf 87' lang='lat' dir='ltr'><strong>ln-</strong></span> 
     </span>
     <span class='ocr_line' id='line_1_13' title="bbox 156 2664 1277 2748; baseline 0.004 -24"><span class='ocrx_word' id='word_1_86' title='bbox 156 2665 320 2744; x_wconf 84' lang='lat' dir='ltr'><strong>scriptione</strong></span> <span class='ocrx_word' id='word_1_87' title='bbox 340 2664 553 2746; x_wconf 80' lang='lat' dir='ltr'><strong>Aeschyleae,</strong></span> <span class='ocrx_word' id='word_1_88' title='bbox 581 2689 662 2748; x_wconf 91' lang='lat' dir='ltr'><strong>quae</strong></span> <span class='ocrx_word' id='word_1_89' title='bbox 684 2677 746 2729; x_wconf 92' lang='lat' dir='ltr'><strong>tam</strong></span> <span class='ocrx_word' id='word_1_90' title='bbox 767 2689 880 2748; x_wconf 86' lang='lat' dir='ltr'><strong>graeca</strong></span> <span class='ocrx_word' id='word_1_91' title='bbox 903 2688 995 2748; x_wconf 89' lang='lat' dir='ltr'><strong>quam</strong></span> <span class='ocrx_word' id='word_1_92' title='bbox 1016 2669 1111 2727; x_wconf 85' lang='lat' dir='ltr'><strong>Ennii</strong></span> <span class='ocrx_word' id='word_1_93' title='bbox 1131 2670 1277 2729; x_wconf 80' lang='lat' dir='ltr'><strong>versione</strong></span> 
     </span>
     <span class='ocr_line' id='line_1_14' title="bbox 154 2771 1277 2863; baseline 0.004 -33"><span class='ocrx_word' id='word_1_94' title='bbox 154 2771 302 2830; x_wconf 86' lang='lat' dir='ltr'><strong>Romanis</strong></span> <span class='ocrx_word' id='word_1_95' title='bbox 323 2778 396 2830; x_wconf 91' lang='lat' dir='ltr'><strong>nota</strong></span> <span class='ocrx_word' id='word_1_96' title='bbox 412 2783 500 2863; x_wconf 61' lang='lat' dir='ltr'><strong>xerat,</strong></span> <span class='ocrx_word' id='word_1_97' title='bbox 525 2776 705 2854; x_wconf 86' lang='lat' dir='ltr'><strong>tragoediae</strong></span> <span class='ocrx_word' id='word_1_98' title='bbox 728 2775 940 2836; x_wconf 84' lang='lat' dir='ltr'><strong>admonemur:</strong></span> <span class='ocrx_word' id='word_1_99' title='bbox 971 2794 1008 2833; x_wconf 90' lang='lat' dir='ltr'><strong>ac</strong></span> <span class='ocrx_word' id='word_1_100' title='bbox 1029 2775 1126 2835; x_wconf 89' lang='lat' dir='ltr'><strong>Varro</strong></span> <span class='ocrx_word' id='word_1_101' title='bbox 1150 2775 1176 2835; x_wconf 90' lang='lat' dir='ltr'><strong>is</strong></span> <span class='ocrx_word' id='word_1_102' title='bbox 1201 2783 1277 2851; x_wconf 87' lang='lat' dir='ltr'><strong>erat,</strong></span> 
     </span>
     <span class='ocr_line' id='line_1_15' title="bbox 156 2877 1277 2971; baseline 0.004 -35"><span class='ocrx_word' id='word_1_103' title='bbox 156 2877 209 2958; x_wconf 90' lang='lat' dir='ltr'><strong>qui</strong></span> <span class='ocrx_word' id='word_1_104' title='bbox 236 2896 302 2936; x_wconf 91' lang='lat' dir='ltr'><strong>cum</strong></span> <span class='ocrx_word' id='word_1_105' title='bbox 326 2877 418 2954; x_wconf 87' lang='lat' dir='ltr'><strong>nihil,</strong></span> <span class='ocrx_word' id='word_1_106' title='bbox 449 2881 531 2962; x_wconf 94' lang='lat' dir='ltr'><strong>quod</strong></span> <span class='ocrx_word' id='word_1_107' title='bbox 559 2884 683 2963; x_wconf 90' lang='lat' dir='ltr'><strong>quidem</strong></span> <span class='ocrx_word' id='word_1_108' title='bbox 704 2886 775 2943; x_wconf 91' lang='lat' dir='ltr'><strong>usui</strong></span> <span class='ocrx_word' id='word_1_109' title='bbox 802 2889 1009 2960; x_wconf 68' lang='lat' dir='ltr'><strong>compescet,</strong></span> <span class='ocrx_word' id='word_1_110' title='bbox 1042 2880 1192 2971; x_wconf 85' lang='lat' dir='ltr'><strong>asaturis</strong></span> <span class='ocrx_word' id='word_1_111' title='bbox 1213 2883 1277 2941; x_wconf 92' lang='lat' dir='ltr'><strong>suis</strong></span> 
     </span>
     <span class='ocr_line' id='line_1_16' title="bbox 156 2983 1276 3071; baseline 0.006 -28"><span class='ocrx_word' id='word_1_112' title='bbox 156 2984 290 3044; x_wconf 92' lang='lat' dir='ltr'><strong>alienum</strong></span> <span class='ocrx_word' id='word_1_113' title='bbox 304 2983 440 3061; x_wconf 91' lang='lat' dir='ltr'><strong>haberet,</strong></span> <span class='ocrx_word' id='word_1_114' title='bbox 463 2990 595 3067; x_wconf 78' lang='lat' dir='ltr'><strong>saepius,</strong></span> <span class='ocrx_word' id='word_1_115' title='bbox 612 2999 756 3071; x_wconf 90' lang='lat' dir='ltr'><strong>quantum</strong></span> <span class='ocrx_word' id='word_1_116' title='bbox 772 3011 828 3070; x_wconf 89' lang='lat' dir='ltr'><strong>per</strong></span> <span class='ocrx_word' id='word_1_117' title='bbox 846 2987 963 3071; x_wconf 86' lang='lat' dir='ltr'><strong>indices</strong></span> <span class='ocrx_word' id='word_1_118' title='bbox 979 2996 1010 3047; x_wconf 90' lang='lat' dir='ltr'><strong>et</strong></span> <span class='ocrx_word' id='word_1_119' title='bbox 1023 2987 1169 3066; x_wconf 87' lang='lat' dir='ltr'><strong>reliquias</strong></span> <span class='ocrx_word' id='word_1_120' title='bbox 1185 3008 1276 3068; x_wconf 81' lang='lat' dir='ltr'><strong>quee-</strong></span> 
     </span>
     <span class='ocr_line' id='line_1_17' title="bbox 157 3090 1276 3175; baseline 0.005 -26"><span class='ocrx_word' id='word_1_121' title='bbox 157 3090 225 3150; x_wconf 90' lang='lat' dir='ltr'><strong>dam</strong></span> <span class='ocrx_word' id='word_1_122' title='bbox 259 3090 396 3151; x_wconf 88' lang='lat' dir='ltr'><strong>iudicare</strong></span> <span class='ocrx_word' id='word_1_123' title='bbox 425 3093 512 3168; x_wconf 88' lang='lat' dir='ltr'><strong>lieet,</strong></span> <span class='ocrx_word' id='word_1_124' title='bbox 550 3116 569 3154; x_wconf 91' lang='lat' dir='ltr'><strong>a</strong></span> <span class='ocrx_word' id='word_1_125' title='bbox 594 3117 708 3175; x_wconf 88' lang='lat' dir='ltr'><strong>graeca</strong></span> <span class='ocrx_word' id='word_1_126' title='bbox 734 3094 894 3174; x_wconf 86' lang='lat' dir='ltr'><strong>tragoedia</strong></span> <span class='ocrx_word' id='word_1_127' title='bbox 921 3094 1048 3153; x_wconf 89' lang='lat' dir='ltr'><strong>formam</strong></span> <span class='ocrx_word' id='word_1_128' title='bbox 1076 3112 1113 3151; x_wconf 92' lang='lat' dir='ltr'><strong>ac</strong></span> <span class='ocrx_word' id='word_1_129' title='bbox 1139 3096 1276 3174; x_wconf 89' lang='lat' dir='ltr'><strong>speciem</strong></span> 
     </span>
     <span class='ocr_line' id='line_1_18' title="bbox 155 3198 1277 3281; baseline 0.005 -24"><span class='ocrx_word' id='word_1_130' title='bbox 155 3199 202 3258; x_wconf 86' lang='lat' dir='ltr'><strong>his</strong></span> <span class='ocrx_word' id='word_1_131' title='bbox 226 3198 379 3279; x_wconf 80' lang='lat' dir='ltr'><strong>opusculis</strong></span> <span class='ocrx_word' id='word_1_132' title='bbox 405 3208 569 3279; x_wconf 88' lang='lat' dir='ltr'><strong>repeteret.</strong></span> <span class='ocrx_word' id='word_1_133' title='bbox 614 3201 710 3262; x_wconf 91' lang='lat' dir='ltr'><strong>Velut</strong></span> <span class='ocrx_word' id='word_1_134' title='bbox 730 3203 763 3261; x_wconf 92' lang='lat' dir='ltr'><strong>in</strong></span> <span class='ocrx_word' id='word_1_135' title='bbox 784 3209 941 3258; x_wconf 74' lang='lat' dir='ltr'><strong>Poenarum</strong></span> <span class='ocrx_word' id='word_1_136' title='bbox 958 3207 1088 3257; x_wconf 73' lang='lat' dir='ltr'><strong>Lrsenrro</strong></span> <span class='ocrx_word' id='word_1_137' title='bbox 1113 3200 1172 3281; x_wconf 90' lang='lat' dir='ltr'><strong>(sic</strong></span> <span class='ocrx_word' id='word_1_138' title='bbox 1195 3204 1277 3263; x_wconf 80' lang='lat' dir='ltr'><strong>enim</strong></span> 
     </span>
     <span class='ocr_line' id='line_1_19' title="bbox 156 3284 1276 3386; baseline 0.006 -23"><span class='ocrx_word' id='word_1_139' title='bbox 156 3314 240 3365; x_wconf 91' lang='lat' dir='ltr'><strong>recte</strong></span> <span class='ocrx_word' id='word_1_140' title='bbox 267 3305 374 3383; x_wconf 89' lang='lat' dir='ltr'><strong>opinor</strong></span> <span class='ocrx_word' id='word_1_141' title='bbox 395 3306 585 3367; x_wconf 87' lang='lat' dir='ltr'><strong>Ritscbelius</strong></span> <span class='ocrx_word' id='word_1_142' title='bbox 611 3307 736 3367; x_wconf 89' lang='lat' dir='ltr'><strong>inscribi</strong></span> <span class='ocrx_word' id='word_1_143' title='bbox 764 3284 865 3367; x_wconf 54' lang='lat' dir='ltr'><strong>suasit*</strong></span> <span class='ocrx_word' id='word_1_144' title='bbox 886 3305 924 3365; x_wconf 92' lang='lat' dir='ltr'><strong>de</strong></span> <span class='ocrx_word' id='word_1_145' title='bbox 959 3307 1142 3383; x_wconf 87' lang='lat' dir='ltr'><strong>logistoricis</strong></span> <span class='ocrx_word' id='word_1_146' title='bbox 1170 3329 1201 3386; x_wconf 93' lang='lat' dir='ltr'><strong>p.</strong></span> <span class='ocrx_word' id='word_1_147' title='bbox 1236 3319 1276 3384; x_wconf 83' lang='lat'><strong>14,</strong></span> 
     </span>
     <span class='ocr_line' id='line_1_20' title="bbox 147 3410 1276 3498; baseline 0.003 -26"><span class='ocrx_word' id='word_1_148' title='bbox 147 3433 338 3494; x_wconf 85' lang='lat' dir='ltr'><strong>¹quamquam</strong></span> <span class='ocrx_word' id='word_1_149' title='bbox 352 3410 443 3486; x_wconf 89' lang='lat' dir='ltr'><strong>idem,</strong></span> <span class='ocrx_word' id='word_1_150' title='bbox 455 3414 566 3498; x_wconf 74' lang='lat' dir='ltr'><strong>&#39;nescio</strong></span> <span class='ocrx_word' id='word_1_151' title='bbox 582 3415 760 3475; x_wconf 87' lang='lat' dir='ltr'><strong>consultone</strong></span> <span class='ocrx_word' id='word_1_152' title='bbox 776 3435 815 3474; x_wconf 89' lang='lat' dir='ltr'><strong>an</strong></span> <span class='ocrx_word' id='word_1_153' title='bbox 837 3433 919 3486; x_wconf 83' lang='lat' dir='ltr'><strong>casu,</strong></span> <span class='ocrx_word' id='word_1_154' title='bbox 937 3432 1035 3491; x_wconf 87' lang='lat' dir='ltr'><strong>nuper</strong></span> <span class='ocrx_word' id='word_1_155' title='bbox 1053 3413 1085 3471; x_wconf 93' lang='lat' dir='ltr'><strong>in</strong></span> <span class='ocrx_word' id='word_1_156' title='bbox 1102 3434 1183 3473; x_wconf 91' lang='lat' dir='ltr'><strong>novo</strong></span> <span class='ocrx_word' id='word_1_157' title='bbox 1199 3436 1276 3475; x_wconf 88' lang='lat' dir='ltr'><strong>mus.</strong></span> 
     </span>
     <span class='ocr_line' id='line_1_21' title="bbox 156 3517 1275 3600; baseline 0.001 -20"><span class='ocrx_word' id='word_1_158' title='bbox 156 3519 254 3581; x_wconf 77' lang='lat' dir='ltr'><strong>Rhen·</strong></span> <span class='ocrx_word' id='word_1_159' title='bbox 276 3520 340 3579; x_wconf 90' lang='lat' dir='ltr'><strong>XII</strong></span> <span class='ocrx_word' id='word_1_160' title='bbox 360 3540 390 3598; x_wconf 92' lang='lat' dir='ltr'><strong>p.</strong></span> <span class='ocrx_word' id='word_1_161' title='bbox 409 3528 460 3581; x_wconf 79' lang='lat'><strong>152</strong></span> <span class='ocrx_word' id='word_1_162' title='bbox 481 3517 643 3598; x_wconf 87' lang='lat' dir='ltr'><strong>probatum</strong></span> <span class='ocrx_word' id='word_1_163' title='bbox 662 3518 795 3581; x_wconf 87' lang='lat' dir='ltr'><strong>Oehlere</strong></span> <span class='ocrx_word' id='word_1_164' title='bbox 819 3527 996 3577; x_wconf 80' lang='lat' dir='ltr'><strong>Paonernnou</strong></span> <span class='ocrx_word' id='word_1_165' title='bbox 1014 3527 1132 3584; x_wconf 81' lang='lat' dir='ltr'><strong>Lreanurr</strong></span> <span class='ocrx_word' id='word_1_166' title='bbox 1154 3522 1275 3600; x_wconf 87' lang='lat' dir='ltr'><strong>retulit)</strong></span> 
     </span>
     <span class='ocr_line' id='line_1_22' title="bbox 155 3624 1277 3707; baseline 0.002 -21"><span class='ocrx_word' id='word_1_167' title='bbox 155 3627 257 3688; x_wconf 89' lang='lat' dir='ltr'><strong>herois</strong></span> <span class='ocrx_word' id='word_1_168' title='bbox 279 3628 345 3687; x_wconf 91' lang='lat' dir='ltr'><strong>eius</strong></span> <span class='ocrx_word' id='word_1_169' title='bbox 364 3624 503 3685; x_wconf 79' lang='lat' dir='ltr'><strong>Caucaso</strong></span> <span class='ocrx_word' id='word_1_170' title='bbox 523 3627 609 3685; x_wconf 82' lang='lat' dir='ltr'><strong>affixi</strong></span> <span class='ocrx_word' id='word_1_171' title='bbox 631 3626 794 3704; x_wconf 88' lang='lat' dir='ltr'><strong>imaginem</strong></span> <span class='ocrx_word' id='word_1_172' title='bbox 809 3626 1025 3707; x_wconf 91' lang='lat' dir='ltr'><strong>querellasque</strong></span> <span class='ocrx_word' id='word_1_173' title='bbox 1043 3647 1080 3685; x_wconf 90' lang='lat' dir='ltr'><strong>ec</strong></span> <span class='ocrx_word' id='word_1_174' title='bbox 1096 3625 1277 3688; x_wconf 86' lang='lat' dir='ltr'><strong>detestatio·</strong></span> 
     </span>
     <span class='ocr_line' id='line_1_23' title="bbox 93 3714 1352 3815; baseline 0.001 -23"><span class='ocrx_word' id='word_1_175' title='bbox 93 3796 98 3802; x_wconf 58' lang='grc'><strong><em>,</em></strong></span> <span class='ocrx_word' id='word_1_176' title='bbox 157 3755 211 3792; x_wconf 84' lang='lat' dir='ltr'><strong>nes</strong></span> <span class='ocrx_word' id='word_1_177' title='bbox 234 3731 273 3791; x_wconf 93' lang='lat' dir='ltr'><strong>ad</strong></span> <span class='ocrx_word' id='word_1_178' title='bbox 293 3732 428 3811; x_wconf 88' lang='lat' dir='ltr'><strong>aliquam</strong></span> <span class='ocrx_word' id='word_1_179' title='bbox 450 3714 619 3814; x_wconf 82' lang='lat' dir='ltr'><strong>Aescbylei</strong></span> <span class='ocrx_word' id='word_1_180' title='bbox 642 3732 773 3812; x_wconf 87' lang='lat' dir='ltr'><strong>exempli</strong></span> <span class='ocrx_word' id='word_1_181' title='bbox 792 3732 1021 3792; x_wconf 88' lang='lat' dir='ltr'><strong>similitudinem</strong></span> <span class='ocrx_word' id='word_1_182' title='bbox 1044 3733 1175 3815; x_wconf 71' lang='lat' dir='ltr'><strong>effinxit.</strong></span> <span class='ocrx_word' id='word_1_183' title='bbox 1209 3735 1275 3814; x_wconf 90' lang='lat' dir='ltr'><strong>Ap·</strong></span> <span class='ocrx_word' id='word_1_184' title='bbox 1350 3776 1352 3781; x_wconf 88' lang='lat'>-</span> 
     </span>
     <span class='ocr_line' id='line_1_24' title="bbox 155 3837 859 3918; baseline 0.001 -22"><span class='ocrx_word' id='word_1_185' title='bbox 155 3839 243 3918; x_wconf 90' lang='lat' dir='ltr'><strong>posui</strong></span> <span class='ocrx_word' id='word_1_186' title='bbox 266 3839 345 3897; x_wconf 86' lang='lat' dir='ltr'><strong>infra</strong></span> <span class='ocrx_word' id='word_1_187' title='bbox 366 3838 420 3916; x_wconf 91' lang='lat' dir='ltr'><strong>qui</strong></span> <span class='ocrx_word' id='word_1_188' title='bbox 442 3837 501 3896; x_wconf 90' lang='lat' dir='ltr'><strong>huc</strong></span> <span class='ocrx_word' id='word_1_189' title='bbox 522 3839 714 3917; x_wconf 90' lang='lat' dir='ltr'><strong>pertinerent</strong></span> <span class='ocrx_word' id='word_1_190' title='bbox 736 3857 859 3898; x_wconf 88' lang='lat' dir='ltr'><strong>versus:</strong></span> 
     </span>
    </p>
   </div>
   <div class='ocr_carea' id='block_1_5' title="bbox 244 3976 1122 4352">
    <p class='ocr_par' dir='ltr' id='par_1_6' title="bbox 244 3976 1122 4352">
     <span class='ocr_line' id='line_1_25' title="bbox 244 3976 1122 4049; baseline -0.001 -15"><span class='ocrx_word' id='word_1_191' title='bbox 244 3984 256 4034; x_wconf 92' lang='lat' dir='ltr'><strong>l</strong></span> <span class='ocrx_word' id='word_1_192' title='bbox 739 3993 790 4049; x_wconf 72' lang='lat' dir='ltr'><strong>epo</strong></span> <span class='ocrx_word' id='word_1_193' title='bbox 811 3977 918 4049; x_wconf 77' lang='lat' dir='ltr'><strong>infelix</strong></span> <span class='ocrx_word' id='word_1_194' title='bbox 940 3976 1122 4049; x_wconf 73' lang='lat' dir='ltr'><strong>nemeaeum</strong></span> 
     </span>
     <span class='ocr_line' id='line_1_26' title="bbox 316 4080 1122 4155; baseline 0.004 -18"><span class='ocrx_word' id='word_1_195' title='bbox 316 4080 377 4137; x_wconf 84' lang='lat' dir='ltr'><strong>Vim</strong></span> <span class='ocrx_word' id='word_1_196' title='bbox 396 4082 573 4154; x_wconf 78' lang='lat' dir='ltr'><strong>prepulsere</strong></span> <span class='ocrx_word' id='word_1_197' title='bbox 595 4089 680 4155; x_wconf 83' lang='lat' dir='ltr'><strong>etque</strong></span> <span class='ocrx_word' id='word_1_198' title='bbox 703 4082 848 4140; x_wconf 75' lang='lat' dir='ltr'><strong>inimicum</strong></span> <span class='ocrx_word' id='word_1_199' title='bbox 868 4083 942 4140; x_wconf 82' lang='lat' dir='ltr'><strong>Oreo</strong></span> <span class='ocrx_word' id='word_1_200' title='bbox 961 4082 1122 4141; x_wconf 75' lang='lat' dir='ltr'><strong>inmittere:</strong></span> 
     </span>
     <span class='ocr_line' id='line_1_27' title="bbox 310 4187 1050 4262; baseline 0.001 -18"><span class='ocrx_word' id='word_1_201' title='bbox 310 4187 493 4260; x_wconf 79' lang='lat' dir='ltr'><strong>Nequiquam</strong></span> <span class='ocrx_word' id='word_1_202' title='bbox 514 4204 602 4262; x_wconf 82' lang='lat' dir='ltr'><strong>saepe</strong></span> <span class='ocrx_word' id='word_1_203' title='bbox 624 4188 743 4247; x_wconf 60' lang='lat' dir='ltr'><strong>eeteros</strong></span> <span class='ocrx_word' id='word_1_204' title='bbox 765 4192 879 4247; x_wconf 77' lang='lat' dir='ltr'><strong>manue</strong></span> <span class='ocrx_word' id='word_1_205' title='bbox 900 4189 1050 4262; x_wconf 79' lang='lat' dir='ltr'><strong>compedes</strong></span> 
     </span>
     <span class='ocr_line' id='line_1_28' title="bbox 310 4276 793 4352; baseline -0.006 0"><span class='ocrx_word' id='word_1_206' title='bbox 310 4295 402 4352; x_wconf 76' lang='lat' dir='ltr'><strong>coner</strong></span> <span class='ocrx_word' id='word_1_207' title='bbox 423 4296 568 4350; x_wconf 82' lang='lat' dir='ltr'><strong>recellere.</strong></span> <span class='ocrx_word' id='word_1_208' title='bbox 717 4279 725 4289; x_wconf 79' lang='grc'><strong><em>’</em></strong></span> <span class='ocrx_word' id='word_1_209' title='bbox 788 4276 793 4284; x_wconf 63' lang='grc'>’</span> 
     </span>
    </p>
   </div>
   <div class='ocr_carea' id='block_1_6' title="bbox 0 0 1389 4890">
    <p class='ocr_par' dir='ltr' id='par_1_7' title="bbox 0 0 1389 4890">
     <span class='ocr_line' id='line_1_29' title="bbox 0 0 1389 4890; baseline 0 0"><span class='ocrx_word' id='word_1_210' title='bbox 0 0 1389 4890; x_wconf 95' lang='lat' dir='ltr'><strong> </strong></span> 
     </span>
    </p>
   </div>
  </div>
 </body>
</html>
