2760 4890
566 331 822 381 coruncrrnns.
1210 326 1250 386 37
1270 308 1272 313 ’

136 493 210 549 allas
230 493 326 566 digitis
339 493 424 566 pelli,
447 494 521 550 alias
538 509 653 552 sonare.
690 489 794 572 Quare
816 492 920 552 malim
939 493 970 554 in
992 495 1094 574 priore
1110 497 1250 576 exemplo

136 596 282 656 Varronis
314 600 416 655 nervia
448 596 556 671 scribi,
596 598 684 658 alteri
712 607 812 658 autem
856 608 979 660 servata
1012 607 1128 663 aerolas
1154 603 1252 663 fonna

134 703 287 782 praemitti
314 706 457 763 Femialnl
483 708 591 775 Varro,
619 706 678 765 hoc
701 707 806 767 modo:
838 709 963 766 ‘nervia’
983 710 1118 785 feminini
1136 743 1179 754 ·-
1198 743 1249 768 -.

76 868 80 875 ,
142 811 246 868 Verum
269 811 363 870 Varro
383 811 404 867 ἦ
423 856 430 868 .
452 808 643 873 extendamus
664 817 786 873 nervia?
810 819 913 874 neutri.
946 817 1090 874 Feminini
1110 818 1249 876 Varro..

136 913 174 971 ‘el
194 916 225 971 id
245 917 344 972 cibant
366 960 372 973 .
391 960 397 974 .
419 919 547 975 nervias'
571 939 598 980 e.
615 940 645 1001 q.
662 941 686 979 s.
729 922 897 982 Praeterea
918 923 950 981 in
971 923 1031 983 illis
1051 923 1153 984 verbis
1175 943 1249 983 non·

135 1017 208 1077 nibil
231 1019 407 1082 offensionis
428 1023 522 1084 habet
543 1029 651 1084 solebat
672 1027 901 1106 imperfectum,
924 1051 978 1109 pro
998 1050 1057 1109 quo
1072 1049 1129 1107 ego
1147 1030 1251 1097 malim

137 1127 365 1187 convenientius
386 1138 556 1190 structurae
577 1135 667 1190 soleat
685 1131 757 1211 legi.
791 1131 912 1214 Quodsi
935 1138 977 1197 ita
999 1134 1155 1208 scribitur,
1177 1134 1249 1194 ilico

58 1284 64 1293 .
136 1234 221 1294 metri
242 1235 363 1315 species
382 1235 498 1317 prodit,
522 1257 612 1318 quam
632 1239 677 1297 sic
697 1258 862 1320 recupero:

707 1400 735 1451 et
754 1397 785 1452 id
803 1395 903 1454 dicrint
920 1414 1003 1455 ruam

283 1494 446 1553 Briseidem
463 1501 644 1570 prodrlcere,
667 1504 729 1559 eius
749 1519 824 1576 quae
845 1502 962 1561 nervias

286 1601 427 1661 Tractare
448 1607 547 1663 soleat.
801 1586 803 1591 ’

138 1748 182 1815 iel
201 1755 303 1836 potius
325 1773 469 1815 mensura
490 1758 660 1817 octonaria:

145 1892 148 1899 ¹
193 1910 233 1967 Ill
254 1911 285 1992 ill
304 1907 404 1968 dicant
424 1925 507 1968 raam
529 1911 691 1970 Briseidam
709 1915 890 1984 prodrlcere,
914 1930 988 1988 quae
1008 1918 1070 1973 eius
1088 1913 1205 1974 nervias

198 2012 339 2073 Tractare
359 2019 458 2074 soleat.
510 2071 518 2089 ,

138 2149 181 2210 De
201 2149 345 2228 neglecta
364 2151 396 2210 vi
416 2153 575 2231 positionis
597 2155 629 2213 in
649 2156 697 2215 his
720 2164 747 2213 et
767 2158 799 2213 id
816 2158 915 2213 dicunt
938 2153 1036 2213 dicam
1059 2153 1141 2214 alibi.

214 2274 377 2354 Reliquum
397 2283 445 2335 est
464 2277 586 2336 unicum
609 2277 724 2336 dehac
746 2286 850 2357 satura
865 2278 1077 2354 fragmentum,
1101 2277 1139 2337 de
1160 2279 1245 2337 cuins

139 2381 205 2443 sede
226 2401 262 2442 ac
281 2382 433 2442 sententia
454 2382 529 2440 nihil
552 2385 663 2443 certius
684 2383 812 2443 definio:

213 2517 313 2578 XXII
330 2514 393 2596 (20)
422 2520 456 2577 llt
477 2520 591 2590 comici,
614 2521 769 2591 analdicl,
792 2520 957 2579 scaendtlcs‘.

138 2669 224 2731 Cuius
244 2688 284 2729 nc
306 2659 457 2752 scriptura
475 2672 598 2752 quidem
616 2672 688 2732 mihi
710 2675 790 2732 omni
810 2694 848 2732 ex
865 2681 953 2752 parte
968 2673 1123 2754 probatur.
1152 2674 1246 2733 Nonii

138 2778 211 2837 enim
233 2775 304 2837 libri
324 2787 439 2857 p.176‚
465 2787 512 2842 19:
541 2788 573 2837 ut
591 2783 692 2837 comici
711 2782 892 2838 assallire:
914 2780 996 2839 unde
1010 2779 1150 2859 Scaliger
1165 2781 1243 2855 loco,

136 2904 220 2965 quem
240 2905 274 2966 p.
294 2895 327 2946 10
347 2903 394 2964 sq.
416 2884 518 2957 citavi,
537 2884 666 2962 pulchre
688 2888 830 2945 einaedlcl
850 2887 997 2946 restituit:
1020 2886 1076 2946 sed
1097 2908 1244 2968 quosnam

136 2994 261 3054 comicos
284 2992 400 3064 dicam,
428 2991 480 3071 qui
506 3011 568 3050 non
589 2991 650 3049 sint
671 2993 819 3065 scaenici,
848 2992 899 3052 vel
921 3000 954 3051 ut
975 2993 1072 3052 Varro
1100 2994 1243 3073 loquitur,

135 3101 305 3174 scaenatici,
327 3108 361 3158 nt
374 3097 406 3156 hi
424 3098 543 3176 possint
556 3097 616 3157 illis
630 3097 786 3157 commo'de
805 3106 960 3178 tamquam
977 3118 1073 3177 genus
1089 3096 1244 3160 diversum

133 3207 213 3269 iuxta
231 3206 332 3289 poni?
355 3204 438 3284 Quid
460 3206 486 3264 si
508 3204 618 3264 iniuria
638 3203 719 3261 hunc
741 3203 841 3264 locum
865 3210 973 3267 comici
996 3206 1166 3279 obtineant,
1190 3208 1243 3285 qui

134 3313 279 3376 debeatur
296 3307 446 3373 mimicis?
474 3309 526 3370 Sic
546 3311 625 3368 enim
648 3311 673 3368 si
693 3309 790 3369 Varro
813 3311 947 3389 scripsit:

415 3456 447 3508 ul
468 3445 587 3518 mimici,
611 3447 766 3517 cinaedici,
791 3446 950 3505 scaencitlcl

132 3589 286 3668 aptissime
314 3585 412 3645 mimis
440 3604 476 3644 ac
503 3582 699 3643 saltatoribus
727 3581 880 3642 adduntur
906 3582 952 3654 hi,
982 3583 1034 3663 qui
1059 3585 1181 3663 proprie
1203 3584 1242 3644 de

126 3704 241 3756 'scaena
251 3713 363 3754 nomen
377 3699 546 3766 traxerunt,
562 3691 736 3749 histriones.
765 3687 827 3749 sed
844 3688 957 3747 haereo
970 3686 1008 3747 de
1021 3708 1078 3747 usu
1092 3690 1157 3749 eius
1172 3710 1240 3750 ver·
1258 3728 1262 3735 ·

131 3801 231 3861 siculi:
252 3801 298 3860 ita
318 3800 531 3882 potnitVarro
548 3796 600 3871 ibi,
623 3796 675 3856 ubi
691 3795 847 3855 modorum
862 3797 1043 3856 varietatem
1060 3797 1241 3876 exponebat,

130 3908 219 3967 etiam
229 3905 379 3978 mimicas
394 3904 581 3978 cinaedicae,
594 3904 754 3963 scaenicae
768 3904 876 3962 artium
892 3902 1028 3963 diversas
1046 3904 1241 3964 condiciones

130 4020 160 4073 et
186 4011 290 4072 officia
317 4013 539 4091 perstringere:
574 4011 626 4071 vel
655 4029 846 4069 numerorum
874 4029 910 4068 ao
937 4018 1043 4068 cantus
1065 3992 1242 4071 'diversitati

129 4118 230 4179 varios
250 4112 341 4178 ¹octus
363 4138 466 4179 eorum
490 4119 640 4178 artificum
665 4137 702 4176 ac
728 4125 825 4176 motus
853 4116 1029 4194 adiungere.
1074 4117 1188 4176 Verum
1208 4125 1241 4175 ut

128 4225 185 4285 ho'c
205 4226 240 4285 in
260 4226 377 4286 incerto
399 4226 553 4306 relinquo,
577 4226 621 4284 ita
641 4245 703 4283 non
722 4245 845 4297 vereor,
868 4244 908 4284 ne
925 4224 977 4282 illo
999 4225 1168 4300 fragmento
1192 4243 1239 4281 sa-

128 4339 215 4394 :nae
243 4328 296 4408 ee,
325 4353 417 4415 quam
442 4333 541 4392 animo
570 4331 712 4409 concepi,
738 4331 837 4408 imago
856 4331 907 4390 vel
927 4329 1059 4389 diluatur
1084 4328 1135 4389 vel
1150 4329 1238 4386 mira-
