2760 4890
525 318 787 383 coiunorsuna:
1154 321 1214 385 113

95 495 299 569 deducamur,
330 514 369 554 ne
397 492 476 554 illud
501 491 625 573 quidem
652 492 848 566 admirabile,
879 491 960 572 quod
979 492 1018 552 fr.
1042 501 1077 554 24
1096 492 1135 553 ab
1156 493 1214 553 Ilio

93 602 242 662 reducem
270 581 398 661 indicat:
437 600 499 658 nisi
524 599 614 658 malis
642 602 674 659 in
701 620 737 659 eo
764 602 986 661 simulationem
1007 598 1214 659 tantummodo

94 707 136 767 ob
163 707 291 766 Homeri
315 703 491 785 Odysseam
516 705 628 765 factam
656 727 835 785 agnoscere.
884 710 968 784 Ergo
996 706 1034 766 de
1063 707 1215 766 sententia

93 813 216 873 illorum
235 813 482 890 ,fragmentorum
511 833 579 872 oum
607 823 741 888 constet,
773 815 981 896 quaerendum
1003 813 1041 872 de
1064 814 1215 891 scriptura

94 919 295 996 singulorum.
337 918 442 998 Atque
468 918 506 978 fr.
536 926 569 982 17
597 940 665 979 cum
696 923 741 979 ita
761 921 900 981 tradatur
923 920 1003 1001 apud
1028 918 1161 977 Nonium
1181 940 1214 998 p.

67 1066 72 1077 ·
94 1034 163 1100 ⁶242,
185 1034 220 1088 32
251 1033 285 1084 ut
307 1046 399 1105 supra
421 1003 546 1105 scripsi,
576 1022 728 1085 Oehlerus
751 1028 891 1106 imperite
913 1031 1056 1101 quondum
1078 1027 1215 1106 reposuit

94 1153 151 1212 pro
173 1136 265 1208 quod,
291 1135 461 1213 quesitam
484 1135 705 1211 incompertum
728 1142 824 1207 esset,
858 1155 876 1192 a
895 1134 995 1193 Nonio
1018 1132 1214 1211 imperfectas

94 1240 279 1318 scriptorum
303 1241 472 1300 sententias
496 1240 614 1299 referri.
659 1241 819 1319 Roeperus
842 1247 942 1298 autem
966 1259 1033 1299 cum
1056 1241 1088 1298 in
1109 1259 1213 1297 nume·

94 1364 146 1402 ros
168 1342 311 1423 redigere
330 1346 425 1406 verba
447 1355 583 1426 cuperet,
607 1345 721 1426 duplex
740 1345 914 1425 exemplum
934 1348 1106 1427 proposuit:

252 1543 492 1558 .....
537 1466 551 1558 ι.
603 1545 609 1558 .
659 1546 664 1556 .
717 1503 767 1558 ubi
785 1503 862 1575 quod
882 1504 979 1574 lupam

248 1606 402 1666 Fella'runt
421 1611 484 1666 olim
507 1608 623 1664 alumni.

97 1739 164 1799 val:
249 1741 301 1799 uti
321 1743 409 1818 (ubet)
429 1747 505 1818 quod
525 1747 589 1801 olim
612 1745 721 1800 alumni
740 1743 884 1815 sellarum
902 1745 1009 1815 trapam.

53 1945 60 1960 .
94 1866 246 1935 Neut'rum
258 1877 427 1956 probabile,
447 1880 472 1937 si
491 1878 531 1938 ad
545 1878 639 1937 Nonii
651 1877 827 1938 memoriam
839 1879 956 1954 exigas.
980 1879 1136 1939 Distribuo
1153 1882 1213 1940 ita:

707 2018 756 2072 ubi
775 2015 852 2087 quod
871 2018 969 2087 lupum

248 2113 372 2179 Alumm‘
381 2117 560 2192 fellooerunt
581 2124 655 2179 olim.

93 2254 145 2313 Fr.
176 2263 211 2317 18
241 2255 358 2313 Nonius
386 2273 416 2333 p.
445 2263 512 2329 368,
541 2265 575 2319 28
603 2257 646 2315 ita
677 2255 796 2314 scribit:
826 2258 875 2313 ubi
898 2259 981 2317 nitidi
1001 2258 1108 2338 efoebi,
1138 2269 1213 2317 veste

91 2363 174 2431 pulla
196 2363 328 2432 condicti,
350 2365 473 2420 modeste
494 2367 615 2421 amictus
631 2371 759 2437 poscunt
773 2371 902 2435 pectore.
936 2363 985 2421 De
1008 2363 1116 2441 quibus
1140 2363 1213 2442 quid

95 2465 146 2524 alii
165 2464 362 2539 instituerint,
383 2467 504 2544 legatur
526 2468 608 2547 apud
627 2468 811 2547 Roeperum.
857 2467 981 2527 Certum
1004 2477 1059 2542 est,
1082 2471 1213 2547 priorem

93 2592 227 2646 versum,
251 2573 339 2632 modo
363 2576 439 2648 esebi
445 2575 506 2657 ,vel
525 2578 628 2648 ephebi
648 2592 788 2650 reponas,
809 2574 961 2650 integrum
984 2595 1062 2648 esse,
1087 2576 1214 2634 alterurn

40 2712 44 2718 .
92 2685 156 2736 tam
174 2680 292 2738 numeri
314 2700 407 2761 quam
427 2683 581 2741 sententia
596 2679 784 2758 persuadent
804 2679 915 2739 lacuna
931 2680 1082 2742 laborare.
1113 2682 1213 2761 Quam

93 2804 163 2844 cum
183 2787 298 2865 primus
321 2786 527 2846 Doederlinus
549 2788 580 2845 in
603 2807 711 2866 synon.
733 2787 784 2844 ΙΙΙ
803 2807 833 2864 p.
856 2796 909 2850 ⁴206
929 2789 1115 2864 agnovisset,
1137 2790 1211 2849 Mei-

57 2930 61 2935 ·
91 2890 219 2964 nekius,
249 2911 309 2971 quo
333 2893 543 2952 incumbentes
572 2894 611 2952 ad
633 2893 857 2973 philosophiam
880 2892 1094 2957 adulescentes
1116 2894 1211 2952 Athe-

68 2984 217 3058 ⁰nienses
240 3000 492 3077 significarentur,
517 2993 628 3060 suasit:
647 3037 648 3041 =
827 2978 830 2985 Ι

246 3154 370 3212 modeste
393 3126 490 3212 amicti
512 3152 641 3231 [sophia]
661 3162 789 3226 poscunt
808 3154 945 3227 pe'ctero:

91 3277 267 3403 ldoeperus,
295 3326 363 3365 oum
387 3305 555 3385 ephebicae
579 3305 750 3385 chlamydis
774 3305 857 3362 color
878 3325 896 3362 a
918 3304 1001 3362 luctu
1025 3312 1055 3361 et
1078 3303 1211 3379 lugendo

92 3419 266 3490 repetatur,
288 3413 438 3493 praefert:

245 3526 368 3627 modeste
389 3551 487 3608 amicti
509 3546 630 3625 [luctus]
649 3556 778 3622 pascunt
795 3548 923 3621 pe'ctore.

94 3680 188 3760 Quod
209 3683 283 3742 licet
300 3683 474 3760 mutationis
495 3684 612 3742 ratione
633 3681 870 3755 commendetur,
889 3691 991 3739 tamen
1013 3680 1215 3759 improbabile

89 3787 213 3847 videtur
232 3789 305 3848 mihi
327 3788 461 3869 ephebos
482 3789 542 3848 dici
555 3790 686 3848 maxime
700 3791 799 3848 luctus
812 3786 992 3867 pectoribus·
1000 3808 1139 3866 pascere.
1169 3789 1212 3848 Ut

91 3895 260 3955 consultius
280 3893 426 3967 habeam,
451 3894 523 3953 dum
547 3896 658 3954 certius
679 3896 751 3974 quid
775 3895 900 3954 allatum
920 3895 986 3968 erit,
1011 3896 1041 3953 in
1064 3895 1213 3955 Meinekii

90 4002 299 4062 additamento
319 4002 526 4080 acquiescere.
557 4004 595 4061 In
608 4003 646 4061 fr.
661 4013 702 4075 19,
724 4002 804 4081 quod
819 4001 900 4080 apud
913 4001 1046 4061 Nonium
1058 4024 1088 4082 p.
1105 4013 1162 4075 131,
1181 4014 1214 4064 lt

90 4109 135 4166 ita
154 4107 310 4167 scribitur:
331 4084 380 4164 uhi
395 4110 559 4166 educantur
574 4109 738 4181 (edicuntur
753 4107 875 4186 Bamb.)
893 4112 1007 4167 barbuti
1019 4113 1212 4167 tnnzeneratt-

89 4218 132 4273 lea
152 4218 261 4274 lateres
274 4233 389 4274 eureos
408 4202 551 4285 babuisse,
576 4218 697 4272 barbari
716 4215 831 4287 Iunius,
855 4225 882 4273 et
905 4220 1040 4274 dicuntur
1061 4214 1212 4274 Oehlerus

90 4330 299 4381 correxerunt.
344 4320 412 4380 Neo
435 4342 540 4381 versus
563 4332 596 4378 ut
616 4330 685 4378 sunt
708 4323 902 4399 satis,ape1·ti
924 4339 1104 4400 quemquam
1126 4322 1212 4397 fuge-

141 4420 276 4486 Vruuuu,
295 4421 377 4476 Corn.
395 4437 426 4472 1u
439 4423 529 4473 Vina.
545 4437 605 4471 sar.
994 4418 1012 4478 8
