2760 4890
527 334 781 384 comportans.
1172 324 1214 385 97

95 512 220 553 versum
241 491 314 570 (nec
342 493 422 551 enim
443 513 524 553 nnnc
551 465 768 553 adlraeresoam
797 491 938 571 singulis)
966 491 1059 571 plana
1082 512 1118 552 ac
1146 513 1214 571 per·

96 600 206 678 spicua
231 598 307 675 sint,
338 607 373 657 ut
400 620 461 658 non
490 607 602 678 egeant
624 599 846 679 explicatione,
876 599 936 656 nisi
966 597 1043 676 quod
1068 599 1099 655 in
1122 598 1158 655 fr.
1183 608 1217 658 11

95 703 178 761 hano
199 711 380 765 structuram
406 711 434 765 in
465 711 563 783 quibus
586 707 714 779 portibus
735 710 762 762 in
791 709 960 779 orpumentis
982 722 1038 761 nec
1059 703 1216 761 Mercerus

94 808 354 870 necBasilienses
371 810 504 890 (Nonp.
514 808 612 888 374,7)
626 798 783 887 ceperunt,
798 807 970 867 duodecimi
983 808 1020 865 fr.
1034 811 1215 868 sententiam

95 913 226 990 insignis
248 913 334 975 labes
356 916 500 977 librorum
522 916 703 976 obscuravit.
749 912 848 991 Quam
864 913 974 992 quibus
989 916 1216 994 opinationibus

95 1021 271 1097 superiores
293 1021 361 1080 tolli
381 1022 559 1096 voluerunt,
583 1042 685 1083 earum
703 1022 789 1080 nulla
812 1028 872 1092 cst,
897 1040 976 1099 quae
998 1042 1053 1080 sua
1075 1022 1215 1100 probabi·

94 1124 183 1184 litate
202 1112 443 1205 commendetur,
473 1128 639 1188 nonnullae
662 1127 739 1187 adeo
765 1127 857 1201 tales,
885 1137 918 1185 ut
945 1147 1048 1185 carum
1077 1136 1216 1187 auctores

96 1229 240 1290 tenebras
258 1232 393 1293 voluisse
412 1234 546 1294 tenebris
567 1232 684 1310 pellere
700 1229 873 1295 videantur.
909 1231 961 1291 Sic
979 1253 1034 1310 pro
1055 1253 1106 1305 ea,
1127 1252 1215 1311 quam

95 1355 189 1413 supra
212 1340 358 1418 expressi,
381 1339 519 1400 codicum
539 1339 690 1415 scriptura
711 1335 922 1414 (Non.p.213,
939 1336 983 1416 13)
1000 1344 1071 1413 poci
1089 1344 1116 1397 ia
1135 1342 1218 1397 buius

95 1441 229 1521 Popma,
252 1443 335 1522 quod
352 1465 413 1504 non
429 1444 585 1523 displicuit
599 1443 746 1516 Oehlero,
769 1445 841 1500 Puri
853 1446 949 1513 buius,
970 1444 1217 1521 Laurenbergius

96 1546 127 1604 in
149 1548 333 1629 Antiquario
355 1571 379 1610 s.
406 1573 435 1611 v.
454 1554 541 1609 metor
570 1568 599 1629 p.
629 1557 676 1613 271
702 1551 848 1618 Buccbiis,
876 1548 983 1606 Iunius
1006 1553 1217 1608 Palimbocclriis

96 1655 260 1715 commenti
280 1641 363 1732 sunt,
387 1655 520 1736 denique
539 1654 691 1715 Oehlerus
708 1659 833 1727 pctyinoe
853 1657 934 1712 buius
956 1674 1009 1713 suo
1024 1656 1162 1735 periculo
1185 1656 1216 1713 in

95 1767 183 1819 textu
206 1763 371 1839 expressit.
413 1763 496 1840 Ergo
518 1760 645 1820 videant
667 1760 834 1832 doctiores,
866 1780 937 1819 num
960 1761 1034 1840 quid
1055 1761 1128 1819 mihi
1148 1780 1215 1837 pro·

98 1862 227 1922 habilius
250 1885 358 1927 eruero
380 1868 549 1945 contigerit.
595 1864 670 1925 Cum
693 1868 772 1925 enim
791 1866 888 1924 Varro
906 1874 994 1942 grata
1015 1867 1215 1925 translatione

95 1970 270 2050 rhythmum
304 1984 335 2032 et
362 1973 456 2032 melos
490 1982 642 2050 tamquam
671 1991 726 2049 par
757 1991 917 2049 puerorum
945 1970 1084 2044 inducat,
1118 1972 1149 2027 in
1179 1989 1216 2027 ea

95 2077 226 2154 perstari
244 2078 424 2158 metaphora
442 2078 481 2137 ad
497 2077 719 2137 emendandum
736 2080 853 2138 initium
874 2078 1036 2156 fragmenti
1054 2075 1215 2155 oportebit.

42 2228 46 2233 .
96 2183 200 2263 Atque
224 2184 417 2264 inpromptu
440 2192 511 2243 sunt
531 2175 637 2259 χρόνος
665 2195 695 2243 et
717 2175 819 2261 φωνή,
844 2206 861 2244 e
884 2206 1008 2264 quorum
1033 2184 1120 2263 quasi
1143 2204 1214 2241 cou-

96 2288 178 2365 iugio
200 2289 304 2367 proles
320 2289 374 2350 illa
386 2309 547 2367 puerorum
562 2288 685 2367 prodire
703 2290 834 2350 dicatur:
862 2302 895 2350 ut
916 2293 941 2349 si
963 2292 1085 2349 litterae
1112 2309 1214 2347 assen-

96 2395 205 2466 tirent,
235 2394 334 2472 possis
357 2399 474 2470 coniupii
490 2398 572 2453 buius
591 2405 747 2455 noscitetur
762 2404 849 2473 pueri
874 2420 899 2459 r.
923 2408 949 2456 et
968 2419 1004 2455 m.
1028 2417 1087 2455 non
1110 2398 1214 2473 inepte

83 2500 256 2578 suspicari.
300 2502 391 2561 Nu'nc
414 2501 716 2581 circumspiciendum
740 2512 786 2563 est
809 2504 906 2576 aliud,
937 2503 1017 2584 quod
1047 2511 1077 2561 et
1101 2498 1230 2562 referat

96 2605 180 2665 illam
202 2607 410 2681 sententiam,
438 2628 497 2667 nec
530 2629 548 2666 a
576 2612 719 2669 memoria
749 2612 842 2671 Nonii
872 2611 1048 2682 abhorreat,
1083 2608 1214 2687 denique

99 2712 190 2771 etiam
214 2715 348 2779 numeris
371 2716 542 2788 conveniat,
567 2737 642 2796 quos
665 2737 798 2795 agnosco
821 2718 852 2775 in
874 2717 936 2776 bis:

247 2850 340 2908 Huius
363 2859 516 2909 noscuntur
531 2856 619 2927 paeri
639 2857 784 2929 rhythmus
807 2855 834 2912 tt
855 2857 947 2911 melos.

97 2982 217 3061 Quibus
240 2984 385 3045 satisfieri
408 2986 568 3047 desideriis
592 2991 690 3048 visum
714 3000 759 3049 est
780 2991 853 3048 mihi
875 2977 933 3047 bac
956 2988 1145 3046 coniectura:

804 3125 975 3199 compaginis

247 3227 342 3285 Huitis
363 3239 517 3287 irascuntur
534 3233 622 3304 pueri
644 3233 789 3305 rhythmus
809 3233 837 3288 e't
856 3235 946 3288 nector.

96 3362 371 3448 Compopinisvenim
392 3364 540 3424 vocabulo
563 3365 601 3424 de
619 3367 673 3425 illa
696 3367 782 3445 quasi
802 3364 961 3441 coniugali
976 3354 1083 3439 χρόνου
1103 3372 1134 3421 et
1153 3382 1213 3435 φω·

95 3466 150 3541 vair
168 3468 312 3527 iunctura
334 3469 429 3529 Varro
450 3491 511 3530 non
529 3472 628 3529 minus
651 3481 721 3549 apte
744 3473 849 3551 opinor
866 3471 910 3529 uti
923 3469 1032 3548 potuit,
1055 3487 1145 3546 quarn
1165 3466 1216 3526 vel

95 3574 240 3635 Lucanus
256 3575 284 3634 V
300 3583 348 3637 119
368 3576 486 3634 animae
503 3585 533 3635 et
555 3578 688 3655 corporis
705 3577 948 3647 coniunctionem
961 3574 1038 3632 dixit
1059 3594 1215 3649 corupopcm

95 3681 261 3748 homonum,
284 3689 316 3739 et
337 3680 376 3741 de
404 3685 519 3741 Veneris
541 3686 717 3757 compagibus
732 3682 892 3742 Lucretius
915 3680 1049 3759 loquitur
1071 3681 1117 3739 IV
1139 3689 1216 3742 1106.

98 3784 163 3845 Noc
187 3784 265 3845 adeo
289 3807 308 3845 a
326 3786 446 3847 traditis
469 3788 578 3847 litteris
593 3794 663 3862 poci
682 3794 709 3845 ia
732 3788 873 3846 abhorret
892 3783 967 3843 illud
989 3786 1069 3865 quod
1094 3788 1217 3864 reposui

96 3896 267 3967 rompoyr'm‘a
299 3893 329 3951 h.
358 3914 384 3952 e.
412 3899 531 3970 cpopini.
584 3894 647 3953 Sed
676 3895 733 3953 orit
765 3893 817 3974 qui
846 3891 884 3951 de
907 3893 1093 3970 compaginis
1121 3893 1217 3950 forma

96 3996 216 4057 dubitet
239 4007 364 4078 propter
386 3997 486 4059 Servii
508 4000 749 4073 adnotationem,
773 4020 864 4079 quam
886 3997 925 4057 ad
944 3997 1102 4057 Aeneidos
1126 3997 1139 4053 Ι
1166 4006 1217 4059 293

96 4103 276 4185 adscripsit:
310 4106 474 4182 ‘compoqes
506 4110 662 4182 compapr's’
691 4111 798 4181 antiqui
823 4115 927 4163 tontum
956 4108 1089 4161 dicebaut.
1122 4113 1211 4176 poste-

10 4216 17 4229 ‘
96 4215 165 4268 ritus
187 4214 298 4269 admisit
318 4221 348 4268 ut
368 4217 448 4270 ettam
470 4214 636 4288 ‘compago'
652 4218 783 4272 dicatur:
806 4216 858 4268 sect
878 4232 931 4269 raon
954 4216 1018 4284 quio
1041 4213 1135 4275 coritis
1158 4225 1217 4265 esse

91 4324 182 4390 potest
207 4323 403 4388 nomitatim,
439 4320 515 4375 debet
540 4322 620 4375 etium
647 4319 791 4374 dectirzotio
820 4323 928 4375 tractari.
958 4351 1001 4359 -
1034 4348 1102 4369 κ.
1151 4330 1216 4386 erpo

146 4418 281 4482 Vaunsr,
301 4416 383 4468 Uonr.
396 4433 426 4468 ru
438 4418 528 4467 Vsus.
543 4432 603 4466 sar.
996 4418 1013 4475 7
