2760 4890
523 339 781 389 conmortuos.

199 505 217 558 3
478 499 552 555 elide
568 500 706 557 caballum
727 498 841 556 drbori'

247 603 338 661 Remo
355 606 385 660 in
402 605 501 662 bamili
519 604 670 679 edwoldus
689 604 831 678 retemptat,
854 600 897 682 (2)
915 605 1015 680 surus

246 711 383 768 Ferreum
403 713 496 769 amad
518 710 661 784 bpcnue'm
681 710 804 768 securim
828 755 835 769 .
860 755 867 772 .

200 870 219 923 4
248 852 334 921 ‘littus
354 824 612 921 uneam'etieem
633 864 707 921 aelus
724 864 860 936 percellit.

203 1017 379 1097 budec'dr'tur
399 1018 467 1074 ldtos
488 1018 586 1088 [ictu].·
608 1016 665 1074 dlte
684 1015 748 1089 fros
770 1018 870 1075 decidit

247 1122 390 1181 Pdlladr's:
405 1124 542 1198 pldtenue
563 1123 653 1181 remis
697 1164 911 1182 .....

201 1282 219 1337 6
247 1263 316 1333 iltis
334 1285 414 1351 traps
431 1277 531 1351 menia
551 1281 580 1334 in
602 1277 715 1334 bomem
737 1276 873 1334 decedens
887 1279 1049 1351 proxumae

248 1380 369 1457 Frdnfflt
387 1385 483 1441 remos
504 1386 616 1441 cedens.

91 1550 137 1609 Et
164 1549 285 1610 adiicio·
306 1549 439 1632 denique
462 1552 493 1611 in
522 1550 659 1612 eiusdem
682 1550 895 1629 descriptionis
918 1553 1077 1626 ambitum,
1109 1575 1212 1634 quaru-

93 1674 187 1735 quam
209 1656 373 1719 intervallo
396 1656 500 1737 aliquo
523 1658 644 1717 abillis
667 1659 815 1718 distantes
836 1659 891 1718 hos
915 1660 1060 1719 creticos:
1155 1680 1160 1689 ·

201 1836 218 1890 9
245 1807 354 1888 Εἐαυο
373 1828 451 1902 sonte
472 1833 512 1886 uti
530 1846 595 1886 cum
616 1828 747 1903 irripuerit
767 1848 837 1887 cneo

248 1924 371 1992 Clarium
393 1932 527 2009 ensrdcto
549 1939 578 1993 r'n
597 1935 693 1993 siloem
716 1952 818 1993 vocares
841 1979 848 1994 .
873 1980 879 1994 .
903 1978 910 1992 .

94 2084 188 2143 Nunc
211 2085 400 2164 singulorum
418 2088 554 2149 rationes
574 2085 711 2148 reddam.
756 2086 910 2146 Producta
940 2087 1021 2166 quod
1051 2089 1214 2169 aliquoties

94 2189 203 2265 media
216 2193 399 2252 ereticorum
426 2193 548 2275 syllaba
576 2203 720 2275 apparet,
750 2194 866 2254 habeut
897 2215 934 2253 ea
965 2192 1107 2271 exempla
1129 2214 1215 2253 suam

96 2296 241 2379 quodque
258 2301 503 2377 excusationem,
526 2302 578 2363 vel
600 2321 640 2361 ex
654 2299 798 2378 ambigua
813 2318 828 2357 a
844 2300 944 2359 finalis
966 2309 1088 2374 natura,
1109 2308 1142 2358 ut
1160 2300 1215 2359 illa

93 2408 169 2465 stilus
192 2424 266 2482 pem
292 2408 428 2482 platanus
455 2429 509 2476 re;
541 2410 613 2469 cilius
639 2418 713 2480 tene,
742 2408 773 2466 in
803 2405 912 2486 quibus
941 2405 972 2463 in
999 2416 1140 2484 promptu
1168 2413 1215 2467 est

95 2513 179 2587 aolu',
196 2515 342 2588 platenu'‚
363 2517 431 2574 atiu'
456 2514 600 2575 scribere.
629 2515 686 2573 His
703 2523 804 2573 autom
824 2513 934 2587 frdnpr't
950 2532 1001 2576 re;
1024 2511 1121 2585 fresta
1138 2514 1167 2567 lu
1182 2515 1217 2568 sil

95 2616 203 2677 videor
229 2618 338 2679 eodem
365 2621 431 2682 iure
464 2622 637 2700 neglectam
665 2620 727 2679 vim
756 2620 915 2699 positionis
950 2615 1117 2690 adhiberc,‘
1154 2636 1214 2695 quo

22 2780 25 2786 .
95 2743 189 2802 supra
216 2725 249 2784 in
277 2726 416 2788 iambicis
442 2731 504 2787 libel
530 2747 574 2788 me
602 2729 663 2803 epu
696 2738 726 2786 ut
752 2733 781 2785 in
808 2727 856 2791 lib·
890 2735 915 2784 ct
938 2728 966 2784 id
987 2725 1019 2816 di
1048 2723 1214 2783 vindicari.

97 2829 242 2893 Ceterum
261 2833 334 2893 vido
355 2833 464 2914 quibus
483 2834 594 2894 finibus
616 2834 739 2893 molossi
761 2854 847 2893 usum
875 2834 905 2893 in
934 2831 1055 2892 creticis
1076 2838 1215 2889 veterum

97 2939 279 2998 comicorum
302 2937 340 2998 G.
367 2924 562 3001 Hermannus
588 2941 860 3018 circumscripserit
881 2940 913 2997 in
934 2937 1092 2997 clementis
1122 2937 1152 2995 d.
1175 2958 1214 2995 m.

97 3064 126 3123 p·
146 3052 200 3107 206
222 3064 268 3123 sq.
310 3047 398 3106 Arsis
421 3048 531 3107 solutio
552 3049 595 3107 ita
622 3055 797 3126 temperata,
822 3055 882 3120 est,
912 3054 946 3104 ut
972 3044 1071 3103 altera
1098 3051 1215 3101 tantum

97 3150 173 3211 arsis
194 3149 276 3211 binis
296 3148 441 3213 brevibus¹
459 3155 605 3215 consistat
626 3176 684 3215 nec
710 3154 813 3234 plures
835 3171 925 3231 quam
941 3149 1081 3227 singulae
1102 3150 1134 3207 iu
1156 3150 1215 3208 sin-

98 3257 178 3336 gulis
198 3258 338 3319 versibus
356 3259 523 3320 solutiones
540 3270 716 3321 occurrant:
736 3259 837 3319 differt
859 3257 981 3317 unicum
997 3258 1034 3314 fr.
1056 3264 1081 3330 4,
1105 3255 1137 3314 in
1155 3276 1215 3334 quo

98 3366 186 3445 primi
214 3365 304 3445 pedis
325 3376 455 3448 utraque
478 3369 554 3427 arsis
571 3352 676 3426 'soluta
699 3375 760 3427 est:
793 3387 864 3425 nam
887 3368 1000 3422 abietem
1025 3382 1092 3420 eum
1113 3362 1215 3442 trisyl-

98 3470 201 3532 labum
219 3470 369 3551 producta
390 3473 487 3554 prima
505 3493 572 3534 esse
595 3475 706 3558 possit,
728 3493 787 3532 non
810 3480 856 3530 est
877 3466 957 3549 quod
978 3468 1105 3527 solutam
1126 3469 1216 3526 arsim

99 3577 245 3641 drumm.
290 3580 355 3642 Sed
374 3580 456 3641 idem
475 3600 580 3641 versus
604 3600 644 3639 eo
663 3580 817 3658 discrepat
838 3598 857 3636 a
878 3575 1019 3656 reliquis,
1047 3572 1127 3653 quod
1150 3595 1217 3633 cum

97 3685 143 3745 illi
165 3687 228 3747 sint
249 3687 412 3757 acataleeti
437 3687 623 3759 tetrametri,
647 3685 698 3744 hic
725 3685 891 3746 catalexim
916 3682 1026 3741 babet:
1054 3681 1107 3739 vix
1138 3682 1217 3741 onim

100 3791 284 3853 crediderim
305 3791 414 3853 deesse
436 3792 469 3851 in
489 3793 549 3851 fine
572 3791 734 3872 syllabam.
777 3794 845 3853 Nec
866 3812 983 3858 vercor.
1006 3809 1047 3847 nc
1068 3788 1118 3847 hic
1139 3810 1216 3849 unrrs

99 3897 298 3959 catalecticus
318 3906 507 3973 tetrameter,
529 3898 637 3979 quibus
660 3897 789 3959 Plautus
812 3897 1038 3978 nonnumquam
1067 3896 1218 3956 continuis

97 4023 171 4065 usus
198 4013 246 4065 eet
280 4002 335 4084 (cf.
362 4005 551 4066 Ritscbclius
588 4005 618 4064 in
651 4004 769 4082 proleg.
797 4024 826 4082 p.
859 4005 1035 4085 ccxcviii),
1078 4005 1217 4083 cuiquam

99 4109 297 4171 offensionem
321 4110 438 4172 afferat.
481 4111 595 4171 Contra
616 4109 862 4190 hypercatalecti
886 4111 1075 4189 exeriiplum,
1098 4111 1217 4191 quode

97 4215 243 4277 librorum
264 4218 409 4277 memoria
432 4219 531 4277 estin
554 4218 591 4275 sr.
614 4225 645 4280 9:
668 4225 783 4286 crevole,
806 4238 865 4275 nou
881 4217 953 4276 tuli:
972 4238 1030 4276 nce
1052 4210 1219 4291 συνάφειαι)
1295 4228 1298 4233 ’

20 4316 26 4331 ’
99 4344 167 4383 cum
196 4325 335 4404 proximo
364 4302 487 4397 admisi,
518 4324 639 4402 qualem
669 4324 720 4401 qui
748 4323 914 4383 exhibebat
944 4344 1050 4382 versus
1079 4323 1218 4383 Terentii
