2760 4890
515 343 769 393 conmortuus.
1145 334 1202 393 105

81 501 244 561 Postremo
272 510 325 559 aut
353 501 468 560 nullum
489 512 540 560 aut
561 511 710 581 pertenue
732 504 909 563 imitationis
933 505 1115 563 Homericae
1137 525 1202 564 ves-

83 607 194 686 tigium
217 615 265 667 est
283 607 315 666 in
336 607 373 666 fr.
396 616 446 671 23:

170 745 231 813 Quo
252 762 315 802 cam
329 750 372 802 irc
387 747 532 816 vellemus,
551 745 643 801 obriru
653 747 743 818 flare:
767 747 814 803 ubi
827 750 941 818 corpori
961 751 1075 845 acratas
1094 764 1200 820 compe-

170 852 474 927 cosmposrasvueo.
794 831 798 838 '

81 990 212 1054 abacos,
236 984 318 1067 quod
336 992 383 1045 ast
397 985 435 1045 ab
460 993 547 1063 aere,
571 1006 633 1043 non
658 986 695 1045 ab
717 1006 806 1069 aere,
835 988 994 1066 Roepcrus
1022 987 1200 1046 vindicavit.

80 1091 187 1165 Idem,
210 1112 270 1173 quo
292 1076 382 1151 locus¹
398 1088 544 1150 Varronis
566 1090 784 1168 illustraretur,
805 1093 886 1152 huno
904 1093 1065 1175 Odysseae
1083 1115 1201 1153 versum

83 1197 149 1257 ΧΠ
163 1207 216 1262 325
238 1197 313 1275 (non
338 1197 402 1274 125)
425 1197 616 1256 monstravit:

235 1332 333 1409 Μήνα
356 1328 388 1391 dl
404 1324 494 1390 πάντ’
512 1321 655 1408 ἄλληκτος
669 1323 708 1408 ilo
724 1327 839 1408 Νότος,
862 1322 931 1392 οὐδέ
948 1356 991 1406 τις
1008 1324 1096 1405 dttog

238 1425 354 1517 Flyusr'
372 1425 465 1497 ἔπειτ’
482 1425 609 1515 ἀνέμων.
665 1494 667 1498 .

83 1608 268 1672 quamquam
290 1591 358 1671 quis
379 1592 509 1650 affirmet
531 1593 675 1651 Austrum
698 1592 802 1667 fuisse,
825 1593 870 1652 illi
893 1596 945 1672 qui
969 1593 1074 1653 obvius
1093 1595 1201 1654 flavit?

82 1699 142 1757 Pro
168 1702 298 1781 vellemus
324 1695 403 1778 quod
434 1696 593 1777 Roeperns
619 1702 713 1756 vellem
737 1704 760 1756 is
789 1721 805 1757 e
835 1702 969 1777 margine
997 1701 1078 1759 Iunii
1107 1700 1200 1778 (Non.

83 1826 110 1883 p.
140 1815 191 1881 28,
223 1802 268 1882 12)
297 1804 422 1878 ascivit,
458 1809 550 1862 uellem
586 1804 812 1865 commendatur
847 1807 1021 1884 insequenti
1047 1811 1131 1865 uideo.
1179 1813 1202 1864 is

83 1919 199 1983 antem,
228 1909 308 1990 quod
336 1932 395 1991 quo
417 1910 583 1970 referretur
610 1934 671 1972 non
697 1913 797 1991 potuit
817 1912 909 1971 facile
933 1913 1084 1990 perhanc
1106 1933 1199 1972 enun-

83 2016 149 2075 tiati
171 2016 301 2075 formam
322 2019 351 2076 in
374 2021 512 2098 proxime
536 2017 743 2098 superioribus
766 2017 895 2090 habere,
917 2016 1077 2095 displicet:
1098 2020 1200 2077 malim

83 2139 170 2196 usquc
184 2124 278 2180 obrius
292 2124 379 2195 flore,
395 2122 425 2180 id
444 2123 524 2202 quod
542 2124 654 2182 aerinis
670 2123 866 2202 compedibus
882 2123 1043 2182 adiuvatur
1062 2133 1092 2183 ct
1108 2145 1199 2184 versu

82 2227 219 2286 Homeri.
255 2226 323 2286 Neo
344 2247 418 2287 vero
440 2237 523 2289 recte
541 2230 710 2289 continuari
732 2233 828 2290 verba
847 2232 1004 2303 videntur,
1028 2231 1081 2289 sed
1099 2233 1201 2291 modia

83 2332 235 2413 quaedam
256 2334 348 2393 Nonii
370 2335 564 2416 festinatione
587 2343 640 2393 aut
663 2335 753 2414 eulpa
781 2337 1199 2397 scribaruminterciderunt.

83 2439 125 2499 Ut
153 2447 278 2499 corruat
303 2438 362 2498 hoo
388 2441 509 2500 nomine
534 2459 575 2498 ne
600 2442 778 2520 ceteroquin
803 2439 924 2519 quidem
953 2443 1200 2502 commcndabilis

82 2544 217 2622 Roeperi
236 2544 388 2605 restitutio
406 2547 549 2605 metrica:
1133 2523 1139 2534 ⁶

530 2701 584 2757 quo
607 2682 854 2755 contractuum,
877 2687 900 2740 is
922 2685 1013 2742 doctus

237 2787 339 2845 ΙτἼάνε.Ι
361 2789 408 2845 ubi
427 2792 541 2862 corpori
561 2789 675 2846 citrinos
697 2792 837 2862 depositos
854 2792 929 2847 uideo
947 2793 1099 2864 cdnrpcdes.

83 2922 133 2982 Sic
152 2923 256 3001 potius
276 2894 499 2982 octonariorum
522 2943 664 2982 mensura
686 2923 827 2984 distribui
849 2924 1012 3002 fragmenti
1031 2928 1200 3004 particulae

84 3026 254 3086 debebant:

234 3181 289 3237 quo
310 3181 373 3221 cum
396 3163 439 3220 r'rc
461 3168 569 3236 vellem,
590 3182 676 3238 rusque
698 3167 790 3222 novior
808 3169 882 3239 flore
912 3209 920 3224 .
957 3212 963 3226 .
999 3211 1007 3225 .
1048 3210 1054 3224 .
1098 3213 1104 3226 .
1191 3212 1199 3226 .

844 3273 889 3328 ubi
908 3273 1023 3344 corpori

234 3363 357 3433 Adriuas
378 3377 523 3449 compedes
542 3380 684 3449 impositos
709 3379 785 3435 or'deo
825 3419 839 3439 .,
871 3420 877 3433 .
921 3419 927 3432 .
967 3420 974 3436 .
1015 3420 1022 3434 .

83 3527 216 3586 Tantum
236 3534 285 3586 ost
302 3525 552 3606 fragmentorum,
582 3529 611 3587 in
635 3528 745 3609 quibus
768 3530 834 3589 sive
859 3528 1032 3605 expressius
1059 3529 1139 3585 sive·
1155 3538 1198 3586 te-

84 3633 172 3693 nuius
198 3632 382 3691 Homericae
412 3631 587 3690 imitationis
610 3634 773 3711 vestigium
796 3654 955 3712 agnoscas.
1002 3631 1079 3691 Sunt
1109 3654 1199 3712 porro

83 3738 160 3812 alia,
189 3757 270 3818 quae
294 3738 369 3796 licet
397 3756 456 3795 non
486 3739 531 3796 sui
561 3738 673 3796 similia
700 3741 731 3797 in
754 3739 894 3822 Odyssea
922 3739 1072 3813 habeant,
1099 3748 1200 3799 tamen

84 3842 238 3903 commode
260 3842 293 3901 in
311 3843 482 3902 narratione
499 3846 715 3903 maritimorum
732 3867 870 3905 cursuum
892 3856 922 3903 ct
945 3865 1078 3904 errorum
1100 3846 1200 3903 locum

82 3948 248 4007 obtineant.
268 3947 442 4007 Promisere
458 3969 498 4007 ex
510 3970 545 4009 eo
559 3971 673 4028 genere
688 3951 766 4009 dabo
781 3952 960 4029 fragmenta,
976 3972 1101 4030 quornm
1114 3953 1200 4011 nulla

33 4064 40 4079 '
82 4074 223 4141 umquam
246 4052 394 4114 divinatio
415 4057 529 4134 poterit
550 4055 600 4114 vel
624 4054 760 4116 ordinem
781 4056 832 4116 vel
853 4058 1045 4117 occasionem
1060 4057 1197 4117 definire.

167 4199 200 4251 12
229 4192 332 4249 Ventus
345 4209 465 4251 succosa
483 4195 665 4251 uehementius
678 4193 798 4268 sufflare
816 4200 843 4250 ct
858 4196 955 4250 calcar
969 4197 1124 4251 admovere.

79 4343 200 4385 succosa
220 4325 289 4385 libri
310 4327 402 4387 Nonii
427 4347 458 4406 p.
481 4335 548 4402 451,
566 4336 601 4390 28
623 4327 806 4407 depravate,
836 4330 945 4408 inquo
977 4329 1048 4387 olim
1070 4346 1199 4386 occasum
