2760 4890
490 328 746 377 conmortuus.
1134 320 1176 382 43

58 490 132 549 Hoc
151 507 235 547 nexu
254 507 289 546 se
310 486 382 575 olim
402 487 481 547 baec
505 487 677 565 fragmenta
696 489 857 568 excepisse
879 489 948 568 ipsa
970 490 1015 549 rei
1038 489 1177 550 condicio

60 596 218 667 convincit
227 613 316 685 :oneo
334 592 413 652 illud
430 591 574 666 dubium,
597 595 670 673 quin
691 594 832 670 Scaliger
848 594 933 653 r‘ecte
952 596 1039 656 iniis
1058 596 1178 676 puemli

59 701 189 761 formosi
218 700 426 761 laudationem
452 701 629 783 agnoverit:
662 701 693 759 in
715 720 776 781 qua
797 701 896 761 Varro
923 701 1178 763 deminutivorum

57 828 119 867 usu
145 807 355 888 frequentiore
381 808 471 867 istum
497 827 641 867 enervem
662 806 845 880 retourne
870 810 993 886 egregie
1016 811 1177 889 expressit.

58 913 259 973 Desideratnr
277 913 526 975 laudatinnculae
543 914 676 987 initium,
699 933 757 974 nec
775 916 893 992 integer
916 922 962 974 est
980 894 1051 994 ipse
1064 916 1177 995 primus

58 1020 247 1095 versiculus,
268 1023 380 1102 inquo
399 1025 474 1082 uodo
494 1021 617 1100 scripsit
631 1019 770 1097 Scaliger
789 1042 844 1101 pro
858 1041 918 1095 eo,
941 1020 1023 1100 qnod
1036 1020 1176 1094 traditur,

57 1132 152 1188 modo.
194 1129 347 1189 Neutrum
373 1128 448 1187 satis
474 1125 597 1206 placet:
633 1148 670 1187 ao
695 1129 801 1187 nescio
830 1149 869 1187 au
897 1136 929 1188 et
949 1128 1119 1188 sententiae
1147 1134 1179 1189 et

56 1237 164 1298 versui
185 1235 245 1296 bac
267 1235 455 1303 correctione
476 1234 605 1294 satisfiat
626 1237 787 1295 commode:
888 1264 891 1270 ·

264 1357 339 1415 Ante
357 1356 441 1412 atrio
460 1357 603 1413 commode
624 1354 665 1412 6oe
686 1357 831 1415 subaldus
849 1355 983 1430 piaculi:

60 1473 319 1557 quemadmodum
335 1473 464 1535 Plautus
487 1471 568 1552 apud
591 1472 725 1534 Gellium
746 1475 860 1535 XVIII
882 1484 925 1548 lt,
947 1484 965 1538 3
986 1473 1076 1534 dicit:
1104 1475 1180 1544 Quid

57 1590 102 1641 ert
122 1584 199 1641 hoc?
216 1588 304 1657 meat
319 1583 458 1654 pallium.-
478 1586 600 1640 amictus
621 1600 679 1639 non
697 1598 760 1639 sum
779 1578 931 1639 commode.
977 1578 1024 1639 Of.
1047 1579 1177 1641 Plautus
1254 1656 1257 1663 .

57 1688 252 1749 Mostellaria
266 1696 332 1751 254:
355 1691 418 1746 vide
436 1692 582 1762 capillum,
603 1693 680 1747 satin
697 1693 881 1762 compositust
897 1692 1060 1747 commode?
1077 1688 1179 1747 Versu

58 1772 196 1855 secundo
225 1802 309 1855 recte
333 1793 426 1853 scribi
455 1815 473 1853 a
495 1794 653 1872 Scaligero
675 1799 861 1854 demittuntur
882 1796 1036 1875 praesenti
1058 1814 1113 1874 pro
1135 1798 1177 1854 a·-

35 1906 253 1968 ‚mittendarum
275 1899 357 1983 quod
376 1909 424 1960 est
444 1884 532 1980 apud
540 1900 683 1973 Nonium,
707 1909 738 1960 et
759 1903 978 1961 sententiarum
995 1902 1176 1961 continuitas

59 2016 90 2068 et
109 2008 281 2068 necessitas
302 2008 390 2068 metri
411 2007 607 2087 persuadent.
642 2002 736 2068 Onius
757 2010 987 2089 permutationis
1008 2016 1178 2086 temporum

58 2116 90 2181 in
116 2122 260 2195 promptu
297 2122 345 2174 est
375 2133 468 2173 unum
498 2121 659 2194 praeterea
688 2135 725 2174 ex
750 2117 798 2175 his
826 2116 963 2196 reliquiis
989 2116 1175 2195 exemplum:

59 2228 216 2281 simeram
235 2220 272 2282 fr.
288 2228 307 2283 4
327 2224 435 2280 Avidus
453 2225 543 2281 iudea
562 2239 644 2279 reum
665 2225 745 2281 ducit
764 2240 826 2281 csse
841 2211 945 2281 κοινὸν
955 2210 1084 2300 Ἑρμῆν.·
1106 2221 1176 2281 libri

61 2332 139 2391 eninr
156 2350 189 2410 p.
209 2337 280 2402 283,
304 2336 337 2391 18
355 2332 485 2388 ducebat.
521 2326 585 2388 Sed
607 2328 692 2387 valet
712 2328 827 2388 dictum
840 2329 917 2389 illud
935 2349 995 2388 una
1012 2318 1080 2388 oum
1094 2328 1175 2388 ins'e-

61 2440 178 2519 quenti:
201 2437 285 2508 Quod
299 2440 375 2512 leues
396 2439 507 2507 iubent,
526 2455 584 2494 noa
603 2437 734 2510 fusioni:
757 2423 808 2506 δὸς
823 2431 874 2492 καὶ
890 2432 961 2514 λαβέ
975 2424 1065 2512 fervit
1081 2440 1176 2496 auimo

61 2541 90 2599 in
105 2543 279 2621 praesentis
293 2544 447 2622 temporis,
471 2563 562 2624 quam
582 2541 625 2600 ibi
640 2541 739 2601 Varro
756 2545 958 2620 conqueritur,
983 2545 1175 2624 depravatio-

62 2666 136 2707 nem.
182 2645 272 2725 Quae
298 2669 372 2709 vero
400 2670 419 2708 a
446 2649 567 2708 Koohio
597 2655 627 2707 et
650 2648 792 2728 Roepero
822 2651 958 2712 eiusdem
986 2651 1176 2730 corruptelae

65 2754 200 2835 exempla
222 2756 397 2829 afferuntur,
422 2774 459 2814 ea
477 2756 563 2815 nulla
585 2740 653 2814 esse
677 2762 706 2814 et
730 2757 911 2817 coniecturis
936 2759 1085 2838 corrumpi
1103 2757 1175 2817 alibi

65 2860 203 2939 probabo.
248 2861 367 2922 Eodem
388 2882 480 2922 versu
497 2881 551 2922 sex
570 2866 724 2922 ductnnoli
742 2861 882 2938 Scaliger
901 2873 932 2921 et
946 2864 1049 2922 versui
1065 2883 1174 2925 conue-

66 2967 176 3035 nienter
191 2975 223 3027 et
238 2970 313 3028 mori
326 2970 488 3030 Varronis:
515 2968 586 3028 libri
607 2973 658 3027 red
680 2972 813 3027 unciani.
855 2971 904 3029 De
924 2970 972 3029 his
995 2971 1175 3030 cincinnulis

67 3073 100 3131 cf.
120 3073 245 3134 Miilleri
265 3075 335 3137 adn.
359 3075 400 3136 ad
420 3078 547 3136 Festum
567 3098 595 3156 p.
612 3085 657 3139 63.
700 3075 838 3136 Isidorus
856 3078 888 3136 in
907 3075 1072 3155 originibus
1093 3076 1176 3136 XIX

67 3191 103 3255 31,
128 3190 156 3246 8.
199 3183 311 3243 Versni
337 3186 427 3243 tertio
454 3185 506 3264 qui
528 3183 703 3242 insidebant
724 3185 816 3242 naevi
838 3183 999 3243 leviusculi
1028 3216 1062 3226 —
1085 3185 1117 3243 in
1138 3185 1174 3243 li·

10 3278 12 3283 ’
67 3286 119 3349 bris
141 3296 189 3351 est
212 3289 309 3349 enim:
332 3295 423 3350 oculis
444 3295 583 3369 sqpetutis
604 3294 714 3367 nipettis
730 3294 834 3365 populi
851 3324 894 3332 —
909 3311 961 3350 eos
976 3291 1086 3371 partim
1101 3290 1173 3350 Soa-

67 3396 134 3475 liger
158 3397 272 3479 partim
298 3396 350 3456 alii
377 3406 448 3458 ante
474 3398 664 3476 Scaligerum
692 3396 917 3458 absterserunt:
939 3417 1014 3478 qnos
1038 3397 1175 3475 sequitur

68 3502 232 3587 Roeperus,
253 3504 306 3584 qui
328 3510 431 3563 tamen
454 3505 639 3585 transposito

243 3624 338 3687 'oculs'
356 3630 468 3702 nipellr's
487 3629 608 3701 papulis
628 3629 795 3704 ruppae'tuti
1182 3706 1185 3711 Ι

70 3747 276 3826 elegantiorem
297 3744 429 3806 reddere
449 3766 572 3807 versum
594 3746 719 3808 studuit.
763 3748 907 3820 Inoaute,
936 3755 970 3806 nt
997 3754 1085 3825 puto,
1114 3746 1182 3811 nisi,
1219 3718 1221 3722 ἱ

70 3856 148 3917 etiarn
169 3855 242 3915 huic
266 3852 304 3913 de
326 3859 478 3910 Mruorrorr
497 3856 600 3914 versui
623 3852 676 3930 (fr.
701 3853 763 3933 17):

153 4048 158 4058 Ι
259 3973 428 4032 Phrene'tr‘ct'
448 3973 687 4047 Septtmtrionum
709 3974 769 4048 filii

70 4091 285 4176 transponendo

262 4211 502 4287 Seprcmtrronum
521 4211 583 4286 sitii
599 4210 765 4287 phrenetici
876 4228 879 4241 ¹

70 4331 138 4411 velis
160 4332 329 4412 legitimam
350 4349 509 4391 caesuram
535 4330 705 4393 restituere.
740 4328 804 4391 Sed
827 4350 883 4408 ego
903 4329 979 4389 talia
998 4349 1060 4388 non
1076 4327 1173 4387 ausim
