2760 4890
549 345 805 394 comncrnurn.
1176 339 1235 400 197

120 524 211 583 quam
229 518 289 562 non
310 525 456 563 summam
479 504 615 582 saturae)
643 525 735 584 quam
756 504 824 582 ipsa
842 504 937 563 verba
955 507 1102 566 Varronis
1124 529 1142 566 a
1163 510 1233 568 Pbi·

119 613 244 690 largyro
267 612 377 680 afferri,
399 613 547 670 assentiet
569 611 717 682 Prellero,
742 612 793 690 qui
816 611 939 689 propius
964 612 1055 671 totius
1080 615 1139 674 loci
1163 635 1233 697 cou-

119 718 331 775 formationem
352 719 520 795 aspexerit:
544 737 602 776 nec
625 715 664 774 de
686 736 722 805 ep
743 716 817 775 licet
838 716 1028 792 addubitare,
1051 724 1124 800 quin
1147 745 1164 782 e
1187 745 1232 782 re·

118 823 211 901 liquis
239 822 315 881 nihil
342 823 493 882 redundet
510 823 560 910 'ad
585 825 764 884 Varronem.
810 824 893 902 Quid
922 827 1040 883 verosi
1061 829 1234 889 etiamnunc

119 938 205 988 recta
239 930 375 988 oratione
410 936 441 987 et
468 928 562 1007 plena
596 937 701 987 extant
734 950 771 988 ea
801 929 912 1002 verba,
955 950 1082 1009 quorum
1115 934 1233 992 Philar-

119 1057 213 1116 gyrus
241 1037 423 1095 sententiam
451 1043 567 1094 tantum
595 1034 754 1095 exhibuit?
804 1037 952 1095 Nimirum
982 1045 1058 1095 ttrsu
1083 1039 1233 1115 fragmen·

119 1152 182 1200 tum
205 1141 265 1220 (Ἡ)
295 1151 343 1201 est
370 1164 388 1201 a
413 1143 514 1201 Nouio
543 1164 573 1221 p.
603 1151 669 1216 183,
700 1155 716 1204 5
739 1152 907 1201 servatum:
939 1163 991 1203 uec
1013 1153 1099 1202 tratas
1119 1154 1162 1202 est
1183 1165 1235 1204 uec

119 1253 272 1318 momatur,
301 1253 373 1323 nipe!
402 1259 494 1322 vopei,
523 1258 553 1305 ut
577 1261 645 1322 pote
668 1253 841 1322 plurimum:
869 1269 949 1328 quae
979 1249 1017 1308 de
1040 1251 1151 1309 mundo
1175 1251 1236 1310 dici

117 1356 217 1416 videri
253 1377 292 1414 ne
323 1345 487 1415 Oehlerum
513 1353 635 1434 quidem
663 1353 758 1431 fugit,
792 1356 843 1432 qui
873 1355 963 1413 etiam
983 1354 1059 1414 illud
1081 1365 1118 1412 Dr
1138 1363 1236 1415 Suara

119 1464 321 1539 fragmentum
356 1462 487 1520 conferri
523 1461 616 1519 iubet.
669 1460 778 1517 Nonne
813 1472 858 1519 est
887 1461 965 1519 hacc
994 1478 1084 1541 quam
1112 1462 1235 1539 promisi

118 1571 238 1648 species
263 1568 502 1647 probabilitatiS,
533 1587 571 1624 ex
598 1565 656 1624 hoc
686 1567 856 1643 fragmento
884 1576 912 1625 et
936 1587 974 1625 ex
996 1566 1054 1625 hac
1076 1568 1167 1644 igitur
1186 1590 1233 1626 sa-

118 1685 186 1736 tura
213 1697 269 1735 sua
286 1677 341 1735 illa
362 1683 396 1735 de
421 1679 514 1733 salute
536 1674 647 1732 citasse
669 1673 897 1754 Philargyrum:
927 1681 958 1730 et
987 1681 1089 1732 tamen
1116 1671 1234 1752 'absque

84 1760 85 1763 Ἴ
119 1805 156 1842 eo
176 1786 345 1862 fragmento
369 1785 494 1853 fuisset,
525 1781 592 1859 quis
612 1781 662 1837 vel
684 1801 740 1859 per
759 1780 906 1839 somnium
930 1780 1111 1855 cogitasset,
1141 1780 1233 1839 talem

118 1889 300 1947 sententiam
329 1888 464 1947 habitam
493 1887 588 1944 fuisse
616 1886 647 1942 in
676 1890 779 1939 Mimo?
831 1885 897 1943 Nae
927 1905 1000 1941 vero
1032 1886 1093 1942 iam
1121 1885 1234 1943 vicisse,

119 2017 243 2055 causam
263 1994 372 2054 videor
393 1994 475 2066 mihi,
498 2013 555 2080 uec
578 2012 632 2069 pro
656 1998 739 2048 certo
756 1990 879 2048 vendito
897 1991 991 2048 fuisse
1009 1990 1081 2049 olim
1100 2000 1233 2050 saturam

118 2104 339 2163 Varronianam
361 2105 465 2154 ussus
486 2102 552 2152 Han
574 2105 721 2154 Zwrnruc.
760 2098 945 2173 Fragmenta
968 2097 1090 2176 quidem
1115 2106 1191 2156 utun
1214 2123 1233 2160 a

117 2210 305 2267 Mommseno
326 2205 452 2286 pulchre
475 2201 614 2261 ordinata
636 2203 706 2261 dum
726 2203 886 2282 perlustro,
914 2205 1004 2264 video
1028 2206 1233 2264 commendari

117 2316 220 2391 legum
241 2313 466 2399 salubritatem,
489 2301 614 2391 debrum
633 2313 745 2369 cultum
765 2320 795 2369 et
816 2311 962 2388 pietatem
989 2313 1125 2384 suaderi,
1156 2314 1231 2372 anti-

117 2443 197 2502 quae
226 2422 309 2482 vitae
333 2422 489 2479 Romanae
516 2417 758 2495 simplicitatem,
789 2419 1012 2495 frugalitatem,
1041 2420 1230 2500 hospitalita-

116 2539 178 2588 tem
197 2527 331 2600 laudari,
354 2534 387 2583 ut
409 2524 572 2583 informare
592 2526 691 2582 animo
711 2525 818 2602 possis,
841 2546 908 2583 eam
930 2534 1063 2583 saturam
1085 2520 1152 2601 περὶ
1174 2544 1228 2585 oca

118 2637 219 2714 τηρίας
239 2636 415 2713 inscriptam
435 2633 546 2703 fuisse,
579 2652 640 2711 qua
662 2632 760 2690 Varro
786 2632 855 2690 illas
876 2653 925 2692 res
947 2631 987 2690 ad
1009 2632 1162 2692 hominum
1185 2637 1229 2693 vi-

117 2751 179 2800 tam
212 2742 384 2821 civiumque
413 2740 591 2798 societatem
614 2747 768 2817 tamquam
791 2739 879 2797 unice
901 2739 1050 2797 salutares
1071 2739 1229 2818 praedica-

118 2857 173 2907 ret.
213 2849 281 2907 Nec
309 2846 425 2919 obstat,
447 2846 527 2925 quod
550 2847 636 2905 nulla
657 2847 792 2905 Manium
814 2846 893 2904 iuter
915 2855 945 2903 et
967 2845 1114 2923 σωτηρίαν
1137 2849 1230 2907 inter—

118 2953 229 3013 cedere
252 2954 328 3012 ratio
350 2951 505 3011 videatur:
529 2954 559 3010 iu
583 2973 644 3032 qua
669 2972 702 3010 re
723 2952 842 3032 siquid
864 2953 1047 3012 nobisnunc
1071 2953 1232 3013 obscurum

117 3070 175 3136 est,
198 3068 319 3141 poterat
341 3058 413 3117 olim
436 3062 467 3118 in
490 3059 664 3136 integritate
688 3067 811 3118 saturae
839 3060 961 3138 planum
988 3081 1024 3119 ac
1039 3063 1233 3140 perspicuum

119 3188 198 3227 esse,
227 3168 376 3226 Nimirum
389 3168 487 3227 Varro
511 3174 630 3225 saturas
650 3165 715 3223 fere
732 3165 775 3222 ita
792 3166 942 3224 adornare
958 3166 1087 3237 solebat,-
1111 3179 1143 3227 ut
1163 3189 1230 3228 nar-

117 3262 227 3334 rationi
249 3273 371 3353 lepidae
395 3293 431 3330 ac
455 3272 556 3331 colore
578 3292 673 3351 prope
699 3273 841 3330 scaenico
863 3272 977 3329 tinctae
999 3271 1232 3362 disputationem

118 3382 271 3440 intexeret
300 3371 381 3451 eam,
412 3400 491 3460 quae
518 3379 641 3458 proprie
668 3385 877 3454 argumentum
906 3386 1026 3437 saturae
1050 3382 1231 3459 complecte-

119 3494 211 3544 retur.
257 3484 308 3546 Sic
330 3487 428 3564 potuit
449 3487 583 3544 Manium
605 3485 754 3565 aliquem,
776 3483 835 3540 hoc
858 3491 904 3541 est
927 3484 978 3562 qui
1000 3493 1030 3542 et
1050 3487 1117 3564 lpse
1137 3487 1233 3565 surgit

118 3612 207 3650 mane
231 3600 261 3650 et
286 3592 374 3667 erigit
393 3590 480 3664 alios,
503 3591 709 3670 disputantem
730 3590 768 3648 de
792 3589 845 3659 eis,
870 3608 949 3667 quae
971 3591 1101 3649 maxime
1123 3590 1162 3650 ad
1184 3612 1230 3651 sa-

90 3733 95 3747 ι
117 3698 211 3756 lutam
240 3696 393 3755 hominum
416 3698 603 3771 conferrent,
627 3696 781 3756 inducere.
827 3694 889 3754 Aut
914 3695 986 3774 quid
1008 3697 1143 3776 periplus
1166 3718 1233 3757 cum

117 3801 312 3883 philosophia
340 3822 496 3861 commune
522 3802 631 3875 habet,
662 3803 720 3861 nisi
750 3798 831 3881 quod
854 3800 931 3859 haec
954 3811 1162 3879 argumentum
1185 3825 1231 3864 sa·

117 3918 213 3981 turae,
236 3908 288 3966 ille
308 3907 461 3966 tractandi
482 3910 631 3969 rationem
655 3909 820 3987 significat:
845 3916 896 3965 aut
913 3906 1067 3986 caprinum
1084 3910 1232 3987 proelium

118 4035 186 4074 cum
206 4002 321 4095 ἡδονῇ,
344 4014 402 4072 nisi
426 4013 507 4094 quod
529 4016 616 4075 titulo
639 4024 799 4095 utrumque
819 4020 850 4070 et
871 4014 998 4072 materia
1019 4014 1231 4093 disputationis

121 4131 151 4181 et
171 4104 294 4180 habitus
316 4141 352 4179 ac
375 4121 472 4178 forma
493 4121 675 4178 narrationis
697 4118 891 4177 iudicandum
915 4119 993 4178 suit?
1037 4121 1080 4179 At
1101 4142 1173 4180 vero
1196 4122 1231 4180 li-

120 4238 169 4287 cet
187 4228 235 4287 his
258 4237 288 4286 et
310 4226 456 4287 similibus
483 4226 629 4285 adiuvare
653 4223 738 4283 illam
766 4222 971 4303 opinationem
992 4229 1105 4306 possis,
1135 4229 1232 4305 potuit

118 4342 229 4406 tamen,
254 4351 313 4414 qno
336 4334 431 4392 omnis
450 4333 530 4392 haec
555 4331 681 4411 suspitio
701 4332 816 4404 nititur,
841 4332 969 4392 eandem
990 4334 1087 4394 Varro
1111 4339 1231 4390 senten-
