<?xml version="1.0" encoding="UTF-8"?>
<!DOCTYPE html PUBLIC "-//W3C//DTD XHTML 1.0 Transitional//EN"
    "http://www.w3.org/TR/xhtml1/DTD/xhtml1-transitional.dtd">
<html xmlns="http://www.w3.org/1999/xhtml" xml:lang="en" lang="en">
 <head>
  <title>
</title>
<meta http-equiv="Content-Type" content="text/html;charset=utf-8" />
  <meta name='ocr-system' content='tesseract 3.04.00' />
  <meta name='ocr-capabilities' content='ocr_page ocr_carea ocr_par ocr_line ocrx_word'/>
</head>
<body>
  <div class='ocr_page' id='page_1' title='image "./ioannisvahlenii00vahlgoog_0232.png"; bbox 0 0 2760 4890; ppageno 0'>
   <div class='ocr_carea' id='block_1_1' title="bbox 522 313 1208 377">
    <p class='ocr_par' dir='ltr' id='par_1_1' title="bbox 522 313 1208 377">
     <span class='ocr_line' id='line_1_1' title="bbox 522 313 1208 377; baseline 0.001 -4"><span class='ocrx_word' id='word_1_1' title='bbox 522 325 779 375; x_wconf 77' lang='grc'><strong>6666666666.</strong></span> <span class='ocrx_word' id='word_1_2' title='bbox 1072 330 1079 341; x_wconf 76' lang='grc'><em>’</em></span> <span class='ocrx_word' id='word_1_3' title='bbox 1109 318 1121 336; x_wconf 89' lang='grc'><em>·</em></span> <span class='ocrx_word' id='word_1_4' title='bbox 1146 313 1208 377; x_wconf 81' lang='lat'><strong>219</strong></span> 
     </span>
    </p>
   </div>
   <div class='ocr_carea' id='block_1_2' title="bbox 55 463 1305 2587">
    <p class='ocr_par' dir='ltr' id='par_1_2' title="bbox 55 463 1305 1606">
     <span class='ocr_line' id='line_1_2' title="bbox 90 463 1208 566; baseline 0.004 -24"><span class='ocrx_word' id='word_1_5' title='bbox 90 487 230 559; x_wconf 75' lang='lat' dir='ltr'><strong>furcillae</strong></span> <span class='ocrx_word' id='word_1_6' title='bbox 252 463 363 543; x_wconf 82' lang='lat' dir='ltr'><strong>reducit</strong></span> <span class='ocrx_word' id='word_1_7' title='bbox 384 487 564 542; x_wconf 75' lang='lat' dir='ltr'><strong>hibernatum</strong></span> <span class='ocrx_word' id='word_1_8' title='bbox 588 489 618 542; x_wconf 85' lang='lat' dir='ltr'><strong>ia</strong></span> <span class='ocrx_word' id='word_1_9' title='bbox 643 493 724 543; x_wconf 87' lang='lat' dir='ltr'><strong>tecta.</strong></span> <span class='ocrx_word' id='word_1_10' title='bbox 769 484 857 543; x_wconf 88' lang='lat' dir='ltr'><strong>Idem</strong></span> <span class='ocrx_word' id='word_1_11' title='bbox 882 485 920 547; x_wconf 98' lang='grc'><strong>(16</strong></span> <span class='ocrx_word' id='word_1_12' title='bbox 940 487 1005 545; x_wconf 86' lang='lat' dir='ltr'><strong>vita</strong></span> <span class='ocrx_word' id='word_1_13' title='bbox 1026 488 1130 566; x_wconf 90' lang='lat' dir='ltr'><strong>populi</strong></span> <span class='ocrx_word' id='word_1_14' title='bbox 1148 489 1208 547; x_wconf 88' lang='lat' dir='ltr'><strong>Ro·</strong></span> 
     </span>
     <span class='ocr_line' id='line_1_3' title="bbox 93 590 1211 670; baseline 0.002 -20"><span class='ocrx_word' id='word_1_15' title='bbox 93 593 175 650; x_wconf 89' lang='lat' dir='ltr'><strong>mani</strong></span> <span class='ocrx_word' id='word_1_16' title='bbox 204 590 286 670; x_wconf 86' lang='lat' dir='ltr'><strong>apud</strong></span> <span class='ocrx_word' id='word_1_17' title='bbox 308 592 440 651; x_wconf 86' lang='lat' dir='ltr'><strong>Nonium</strong></span> <span class='ocrx_word' id='word_1_18' title='bbox 459 612 489 670; x_wconf 89' lang='lat' dir='ltr'><strong>p.</strong></span> <span class='ocrx_word' id='word_1_19' title='bbox 509 598 576 662; x_wconf 74' lang='lat'>⁶245,</span> <span class='ocrx_word' id='word_1_20' title='bbox 600 599 635 653; x_wconf 73' lang='lat'><strong>14</strong></span> <span class='ocrx_word' id='word_1_21' title='bbox 665 593 773 649; x_wconf 82' lang='lat' dir='ltr'><strong>Cacsar</strong></span> <span class='ocrx_word' id='word_1_22' title='bbox 796 596 959 650; x_wconf 81' lang='lat' dir='ltr'><em>reversione</em></span> <span class='ocrx_word' id='word_1_23' title='bbox 979 595 1064 666; x_wconf 84' lang='lat' dir='ltr'><strong>facit,</strong></span> <span class='ocrx_word' id='word_1_24' title='bbox 1091 613 1129 653; x_wconf 85' lang='grc'><strong>66</strong></span> <span class='ocrx_word' id='word_1_25' title='bbox 1144 603 1211 670; x_wconf 80' lang='lat' dir='ltr'><strong>post</strong></span> 
     </span>
     <span class='ocr_line' id='line_1_4' title="bbox 93 699 1211 772; baseline 0.005 -17"><span class='ocrx_word' id='word_1_26' title='bbox 93 702 255 771; x_wconf 77' lang='lat' dir='ltr'><strong><em>occipitium</em></strong></span> <span class='ocrx_word' id='word_1_27' title='bbox 276 704 306 755; x_wconf 85' lang='lat' dir='ltr'><strong>ia</strong></span> <span class='ocrx_word' id='word_1_28' title='bbox 330 700 475 770; x_wconf 81' lang='lat' dir='ltr'><strong><em>Hispania</em></strong></span> <span class='ocrx_word' id='word_1_29' title='bbox 493 699 650 754; x_wconf 82' lang='lat' dir='ltr'><strong>accercitus·</strong></span> <span class='ocrx_word' id='word_1_30' title='bbox 663 700 714 770; x_wconf 88' lang='lat' dir='ltr'><strong>qui</strong></span> <span class='ocrx_word' id='word_1_31' title='bbox 731 708 824 769; x_wconf 85' lang='lat' dir='ltr'><strong>cruat,</strong></span> <span class='ocrx_word' id='word_1_32' title='bbox 848 703 1052 772; x_wconf 84' lang='lat' dir='ltr'><strong>relinquerent.</strong></span> <span class='ocrx_word' id='word_1_33' title='bbox 1089 703 1131 761; x_wconf 82' lang='lat' dir='ltr'><strong>Et</strong></span> <span class='ocrx_word' id='word_1_34' title='bbox 1152 702 1211 761; x_wconf 80' lang='lat' dir='ltr'><strong>Oa·</strong></span> 
     </span>
     <span class='ocr_line' id='line_1_5' title="bbox 55 801 1213 877; baseline 0.003 -15"><span class='ocrx_word' id='word_1_35' title='bbox 55 845 56 848; x_wconf 24' lang='lat'><em>*</em></span> <span class='ocrx_word' id='word_1_36' title='bbox 92 805 173 863; x_wconf 87' lang='lat' dir='ltr'><strong>tonis</strong></span> <span class='ocrx_word' id='word_1_37' title='bbox 200 804 389 863; x_wconf 88' lang='lat' dir='ltr'><strong>notissimum</strong></span> <span class='ocrx_word' id='word_1_38' title='bbox 411 801 502 860; x_wconf 87' lang='lat' dir='ltr'><strong>illud:</strong></span> <span class='ocrx_word' id='word_1_39' title='bbox 535 805 632 859; x_wconf 80' lang='lat' dir='ltr'><strong><em>Frons</em></strong></span> <span class='ocrx_word' id='word_1_40' title='bbox 654 806 783 876; x_wconf 81' lang='lat' dir='ltr'><strong>occipitia</strong></span> <span class='ocrx_word' id='word_1_41' title='bbox 804 808 895 877; x_wconf 62' lang='lat' dir='ltr'><strong>prior,</strong></span> <span class='ocrx_word' id='word_1_42' title='bbox 909 813 964 875; x_wconf 86' lang='lat' dir='ltr'><strong>cst,</strong></span> <span class='ocrx_word' id='word_1_43' title='bbox 988 805 1026 865; x_wconf 87' lang='lat' dir='ltr'><strong>de</strong></span> <span class='ocrx_word' id='word_1_44' title='bbox 1046 827 1079 866; x_wconf 89' lang='lat' dir='ltr'><strong>re</strong></span> <span class='ocrx_word' id='word_1_45' title='bbox 1098 809 1213 867; x_wconf 85' lang='lat' dir='ltr'><strong>rustica</strong></span> 
     </span>
     <span class='ocr_line' id='line_1_6' title="bbox 93 894 1305 988; baseline 0 -15"><span class='ocrx_word' id='word_1_46' title='bbox 93 919 120 973; x_wconf 86' lang='lat'><strong>4.</strong></span> <span class='ocrx_word' id='word_1_47' title='bbox 155 911 254 988; x_wconf 80' lang='lat' dir='ltr'>Igitur</span> <span class='ocrx_word' id='word_1_48' title='bbox 273 911 331 969; x_wconf 89' lang='lat' dir='ltr'><strong>hoc</strong></span> <span class='ocrx_word' id='word_1_49' title='bbox 351 907 513 980; x_wconf 86' lang='lat' dir='ltr'><strong>dicitille,</strong></span> <span class='ocrx_word' id='word_1_50' title='bbox 539 917 665 988; x_wconf 85' lang='lat' dir='ltr'><strong>accepto</strong></span> <span class='ocrx_word' id='word_1_51' title='bbox 689 910 813 969; x_wconf 88' lang='lat' dir='ltr'><strong>oraculo</strong></span> <span class='ocrx_word' id='word_1_52' title='bbox 841 930 874 969; x_wconf 89' lang='grc'><strong>66</strong></span> <span class='ocrx_word' id='word_1_53' title='bbox 898 894 1016 987; x_wconf 75' lang='lat' dir='ltr'><strong>tergum</strong></span> <span class='ocrx_word' id='word_1_54' title='bbox 1041 912 1210 973; x_wconf 84' lang='lat' dir='ltr'><strong>obvertisss</strong></span> <span class='ocrx_word' id='word_1_55' title='bbox 1302 924 1305 936; x_wconf 89' lang='lat'>&#39;</span> 
     </span>
     <span class='ocr_line' id='line_1_7' title="bbox 95 1014 1212 1094; baseline 0.002 -18"><span class='ocrx_word' id='word_1_56' title='bbox 95 1017 160 1076; x_wconf 90' lang='lat' dir='ltr'><strong>deo</strong></span> <span class='ocrx_word' id='word_1_57' title='bbox 182 1018 292 1090; x_wconf 79' lang='lat' dir='ltr'><strong>arduo,</strong></span> <span class='ocrx_word' id='word_1_58' title='bbox 330 1016 414 1074; x_wconf 87' lang='lat' dir='ltr'><strong>cuius</strong></span> <span class='ocrx_word' id='word_1_59' title='bbox 448 1023 580 1074; x_wconf 86' lang='lat' dir='ltr'><strong>mentem</strong></span> <span class='ocrx_word' id='word_1_60' title='bbox 608 1035 665 1094; x_wconf 85' lang='lat' dir='ltr'><strong>per</strong></span> <span class='ocrx_word' id='word_1_61' title='bbox 686 1014 828 1075; x_wconf 76' lang='lat' dir='ltr'><strong>tenebras</strong></span> <span class='ocrx_word' id='word_1_62' title='bbox 851 1025 882 1074; x_wconf 87' lang='lat' dir='ltr'><strong>et</strong></span> <span class='ocrx_word' id='word_1_63' title='bbox 905 1015 1131 1094; x_wconf 83' lang='lat' dir='ltr'><strong>ambiguitatem</strong></span> <span class='ocrx_word' id='word_1_64' title='bbox 1151 1039 1212 1078; x_wconf 92' lang='lat' dir='ltr'><strong>non</strong></span> 
     </span>
     <span class='ocr_line' id='line_1_8' title="bbox 96 1120 1212 1203; baseline 0.004 -24"><span class='ocrx_word' id='word_1_65' title='bbox 96 1124 222 1201; x_wconf 86' lang='lat' dir='ltr'><strong>ceperit.</strong></span> <span class='ocrx_word' id='word_1_66' title='bbox 267 1124 371 1203; x_wconf 83' lang='lat' dir='ltr'><strong>Atque</strong></span> <span class='ocrx_word' id='word_1_67' title='bbox 398 1121 446 1180; x_wconf 88' lang='lat' dir='ltr'><strong>his</strong></span> <span class='ocrx_word' id='word_1_68' title='bbox 472 1120 595 1202; x_wconf 85' lang='lat' dir='ltr'><strong>quidem</strong></span> <span class='ocrx_word' id='word_1_69' title='bbox 626 1121 782 1179; x_wconf 85' lang='lat' dir='ltr'><strong>commode</strong></span> <span class='ocrx_word' id='word_1_70' title='bbox 811 1120 964 1180; x_wconf 85' lang='lat' dir='ltr'><strong>adduntur</strong></span> <span class='ocrx_word' id='word_1_71' title='bbox 985 1141 1025 1182; x_wconf 82' lang='grc'><strong>66</strong></span> <span class='ocrx_word' id='word_1_72' title='bbox 1047 1128 1143 1182; x_wconf 88' lang='lat' dir='ltr'><strong>oracla</strong></span> <span class='ocrx_word' id='word_1_73' title='bbox 1163 1129 1212 1183; x_wconf 85' lang='lat' dir='ltr'><strong>ali-</strong></span> 
     </span>
     <span class='ocr_line' id='line_1_9' title="bbox 95 1223 1217 1307; baseline 0.004 -23"><span class='ocrx_word' id='word_1_74' title='bbox 95 1233 171 1287; x_wconf 85' lang='lat' dir='ltr'><strong>miuo</strong></span> <span class='ocrx_word' id='word_1_75' title='bbox 190 1246 249 1287; x_wconf 83' lang='lat' dir='ltr'><strong>mc:</strong></span> <span class='ocrx_word' id='word_1_76' title='bbox 276 1234 425 1289; x_wconf 88' lang='lat' dir='ltr'><strong>oraculum</strong></span> <span class='ocrx_word' id='word_1_77' title='bbox 454 1229 534 1288; x_wconf 91' lang='lat' dir='ltr'><strong>enim</strong></span> <span class='ocrx_word' id='word_1_78' title='bbox 555 1226 628 1285; x_wconf 87' lang='lat' dir='ltr'><strong>dicit</strong></span> <span class='ocrx_word' id='word_1_79' title='bbox 646 1226 746 1286; x_wconf 88' lang='lat' dir='ltr'><strong>locum</strong></span> <span class='ocrx_word' id='word_1_80' title='bbox 767 1229 865 1306; x_wconf 89' lang='lat' dir='ltr'><strong>ipsum</strong></span> <span class='ocrx_word' id='word_1_81' title='bbox 889 1228 941 1288; x_wconf 90' lang='lat' dir='ltr'><strong>ubi</strong></span> <span class='ocrx_word' id='word_1_82' title='bbox 964 1229 1019 1288; x_wconf 90' lang='lat' dir='ltr'><strong>dei.</strong></span> <span class='ocrx_word' id='word_1_83' title='bbox 1034 1223 1217 1307; x_wconf 26' lang='lat' dir='ltr'><strong>responsum*</strong></span> 
     </span>
     <span class='ocr_line' id='line_1_10' title="bbox 87 1331 1212 1412; baseline 0.004 -21"><span class='ocrx_word' id='word_1_84' title='bbox 87 1334 173 1410; x_wconf 80' lang='lat' dir='ltr'><strong>tulit.</strong></span> <span class='ocrx_word' id='word_1_85' title='bbox 218 1334 261 1394; x_wconf 91' lang='lat' dir='ltr'><strong>Ut</strong></span> <span class='ocrx_word' id='word_1_86' title='bbox 288 1336 348 1393; x_wconf 86' lang='lat' dir='ltr'><strong>iam</strong></span> <span class='ocrx_word' id='word_1_87' title='bbox 376 1355 437 1393; x_wconf 89' lang='lat' dir='ltr'><strong>non</strong></span> <span class='ocrx_word' id='word_1_88' title='bbox 466 1335 519 1406; x_wconf 79' lang='lat' dir='ltr'><strong>sit,</strong></span> <span class='ocrx_word' id='word_1_89' title='bbox 550 1332 632 1412; x_wconf 89' lang='lat' dir='ltr'><strong>quod</strong></span> <span class='ocrx_word' id='word_1_90' title='bbox 652 1332 703 1390; x_wconf 87' lang='lat' dir='ltr'><strong>vel</strong></span> <span class='ocrx_word' id='word_1_91' title='bbox 726 1331 851 1395; x_wconf 87' lang='lat' dir='ltr'><strong>Oehleri</strong></span> <span class='ocrx_word' id='word_1_92' title='bbox 874 1337 1079 1396; x_wconf 86' lang='lat' dir='ltr'><strong>coniecturam</strong></span> <span class='ocrx_word' id='word_1_93' title='bbox 1099 1355 1139 1395; x_wconf 85' lang='lat' dir='ltr'><strong>ca·</strong></span> <span class='ocrx_word' id='word_1_94' title='bbox 1159 1357 1212 1395; x_wconf 88' lang='lat' dir='ltr'><strong>ara</strong></span> 
     </span>
     <span class='ocr_line' id='line_1_11' title="bbox 64 1439 1211 1521; baseline 0.003 -22"><span class='ocrx_word' id='word_1_95' title='bbox 64 1481 68 1486; x_wconf 76' lang='lat'><strong>·</strong></span> <span class='ocrx_word' id='word_1_96' title='bbox 94 1444 168 1499; x_wconf 87' lang='lat' dir='ltr'><strong>ctam</strong></span> <span class='ocrx_word' id='word_1_97' title='bbox 196 1439 248 1498; x_wconf 86' lang='lat' dir='ltr'><strong>vel</strong></span> <span class='ocrx_word' id='word_1_98' title='bbox 279 1441 437 1518; x_wconf 84' lang='lat' dir='ltr'><strong>probatam</strong></span> <span class='ocrx_word' id='word_1_99' title='bbox 466 1439 630 1500; x_wconf 82' lang='lat' dir='ltr'><strong>Gerlaohio</strong></span> <span class='ocrx_word' id='word_1_100' title='bbox 656 1440 822 1500; x_wconf 83' lang='lat' dir='ltr'><strong>Beruensis</strong></span> <span class='ocrx_word' id='word_1_101' title='bbox 852 1443 1031 1521; x_wconf 87' lang='lat' dir='ltr'><strong>scripturam</strong></span> <span class='ocrx_word' id='word_1_102' title='bbox 1060 1449 1211 1503; x_wconf 80' lang='lat' dir='ltr'><strong>exoranda</strong></span> 
     </span>
     <span class='ocr_line' id='line_1_12' title="bbox 96 1548 293 1606; baseline 0.005 -1"><span class='ocrx_word' id='word_1_103' title='bbox 96 1548 293 1606; x_wconf 77' lang='lat' dir='ltr'><strong>assistamus.</strong></span> 
     </span>
    </p>

    <p class='ocr_par' dir='ltr' id='par_1_3' title="bbox 90 1651 1214 2587">
     <span class='ocr_line' id='line_1_13' title="bbox 99 1651 1212 1732; baseline 0.004 -19"><span class='ocrx_word' id='word_1_104' title='bbox 99 1662 104 1683; x_wconf 80' lang='lat'><em>³</em></span> <span class='ocrx_word' id='word_1_105' title='bbox 180 1654 272 1714; x_wconf 86' lang='lat' dir='ltr'>Addo</span> <span class='ocrx_word' id='word_1_106' title='bbox 294 1655 415 1713; x_wconf 88' lang='lat' dir='ltr'><strong>tertiam</strong></span> <span class='ocrx_word' id='word_1_107' title='bbox 437 1661 622 1713; x_wconf 75' lang='grc'><strong>66666666</strong></span> <span class='ocrx_word' id='word_1_108' title='bbox 635 1651 844 1732; x_wconf 84' lang='lat' dir='ltr'><strong>depromptam</strong></span> <span class='ocrx_word' id='word_1_109' title='bbox 857 1654 1109 1716; x_wconf 84' lang='lat' dir='ltr'><strong>emendationem.</strong></span> <span class='ocrx_word' id='word_1_110' title='bbox 1136 1659 1212 1718; x_wconf 85' lang='lat' dir='ltr'><strong>Sex·</strong></span> 
     </span>
     <span class='ocr_line' id='line_1_14' title="bbox 94 1758 1213 1842; baseline 0.001 -22"><span class='ocrx_word' id='word_1_111' title='bbox 94 1770 159 1820; x_wconf 92' lang='lat' dir='ltr'><strong>tum</strong></span> <span class='ocrx_word' id='word_1_112' title='bbox 181 1762 261 1821; x_wconf 90' lang='lat' dir='ltr'><strong>enim</strong></span> <span class='ocrx_word' id='word_1_113' title='bbox 283 1762 346 1820; x_wconf 87' lang='lat' dir='ltr'><strong>eius</strong></span> <span class='ocrx_word' id='word_1_114' title='bbox 365 1770 486 1820; x_wconf 85' lang='lat' dir='ltr'><strong>saturae</strong></span> <span class='ocrx_word' id='word_1_115' title='bbox 504 1762 708 1838; x_wconf 78' lang='lat' dir='ltr'><strong>fragmentum</strong></span> <span class='ocrx_word' id='word_1_116' title='bbox 733 1758 885 1820; x_wconf 84' lang='lat' dir='ltr'><strong>Oehlerus</strong></span> <span class='ocrx_word' id='word_1_117' title='bbox 915 1763 959 1820; x_wconf 85' lang='lat' dir='ltr'><strong>ita</strong></span> <span class='ocrx_word' id='word_1_118' title='bbox 984 1763 1213 1842; x_wconf 84' lang='lat' dir='ltr'><strong>exprimendum</strong></span> 
     </span>
     <span class='ocr_line' id='line_1_15' title="bbox 90 1858 1213 1945; baseline 0.002 -19"><span class='ocrx_word' id='word_1_119' title='bbox 90 1871 229 1945; x_wconf 18' lang='lat' dir='ltr'><strong>*carravia</strong></span> <span class='ocrx_word' id='word_1_120' title='bbox 250 1870 305 1938; x_wconf 83' lang='lat' dir='ltr'><strong>Qut</strong></span> <span class='ocrx_word' id='word_1_121' title='bbox 315 1862 384 1940; x_wconf 85' lang='lat' dir='ltr'><strong>quid</strong></span> <span class='ocrx_word' id='word_1_122' title='bbox 394 1872 540 1926; x_wconf 85' lang='lat' dir='ltr'><strong>evidenter</strong></span> <span class='ocrx_word' id='word_1_123' title='bbox 554 1858 741 1928; x_wconf 82' lang='lat' dir='ltr'><strong>circumstant</strong></span> <span class='ocrx_word' id='word_1_124' title='bbox 755 1886 811 1925; x_wconf 93' lang='grc'><strong>666</strong></span> <span class='ocrx_word' id='word_1_125' title='bbox 824 1871 888 1928; x_wconf 87' lang='lat' dir='ltr'><strong>itam</strong></span> <span class='ocrx_word' id='word_1_126' title='bbox 902 1872 988 1926; x_wconf 83' lang='lat' dir='ltr'><strong>creda</strong></span> <span class='ocrx_word' id='word_1_127' title='bbox 1004 1873 1116 1928; x_wconf 83' lang='lat' dir='ltr'><strong>uidere.-</strong></span> <span class='ocrx_word' id='word_1_128' title='bbox 1130 1873 1213 1928; x_wconf 81' lang='lat' dir='ltr'><strong>bian-</strong></span> 
     </span>
     <span class='ocr_line' id='line_1_16' title="bbox 95 1971 1212 2053; baseline 0.003 -21"><span class='ocrx_word' id='word_1_129' title='bbox 95 1980 131 2033; x_wconf 86' lang='lat' dir='ltr'><strong>tis</strong></span> <span class='ocrx_word' id='word_1_130' title='bbox 151 1980 239 2046; x_wconf 82' lang='lat' dir='ltr'><strong>uideo,</strong></span> <span class='ocrx_word' id='word_1_131' title='bbox 264 1977 383 2033; x_wconf 79' lang='lat' dir='ltr'><strong>uideatis</strong></span> <span class='ocrx_word' id='word_1_132' title='bbox 396 1993 453 2032; x_wconf 92' lang='grc'><strong>666</strong></span> <span class='ocrx_word' id='word_1_133' title='bbox 467 1978 555 2033; x_wconf 83' lang='lat' dir='ltr'><strong>uideo.</strong></span> <span class='ocrx_word' id='word_1_134' title='bbox 593 1974 694 2053; x_wconf 74' lang='lat' dir='ltr'><strong>Quam</strong></span> <span class='ocrx_word' id='word_1_135' title='bbox 712 1971 835 2052; x_wconf 86' lang='lat' dir='ltr'><strong>quidem</strong></span> <span class='ocrx_word' id='word_1_136' title='bbox 847 1975 1054 2034; x_wconf 84' lang='lat' dir='ltr'><strong>coniecturam</strong></span> <span class='ocrx_word' id='word_1_137' title='bbox 1068 1976 1212 2035; x_wconf 78' lang='grc'><strong>6661611-</strong></span> 
     </span>
     <span class='ocr_line' id='line_1_17' title="bbox 97 2079 1212 2162; baseline 0.002 -22"><span class='ocrx_word' id='word_1_138' title='bbox 97 2079 302 2160; x_wconf 85' lang='lat' dir='ltr'><strong>ciorenr&#39;puta</strong></span> <span class='ocrx_word' id='word_1_139' title='bbox 327 2080 468 2162; x_wconf 84' lang='lat' dir='ltr'><strong>reliquis,</strong></span> <span class='ocrx_word' id='word_1_140' title='bbox 498 2099 576 2160; x_wconf 85' lang='lat' dir='ltr'><strong>quae</strong></span> <span class='ocrx_word' id='word_1_141' title='bbox 603 2079 741 2159; x_wconf 87' lang='lat' dir='ltr'><strong>prolatae</strong></span> <span class='ocrx_word' id='word_1_142' title='bbox 768 2088 838 2138; x_wconf 90' lang='lat' dir='ltr'><strong>sunt</strong></span> <span class='ocrx_word' id='word_1_143' title='bbox 869 2081 1050 2160; x_wconf 88' lang='lat' dir='ltr'><strong>complures.</strong></span> <span class='ocrx_word' id='word_1_144' title='bbox 1095 2084 1212 2142; x_wconf 89' lang='lat' dir='ltr'><strong>Nonius</strong></span> 
     </span>
     <span class='ocr_line' id='line_1_18' title="bbox 95 2187 1214 2266; baseline -0.002 -17"><span class='ocrx_word' id='word_1_145' title='bbox 95 2209 126 2266; x_wconf 86' lang='lat' dir='ltr'><strong>p.</strong></span> <span class='ocrx_word' id='word_1_146' title='bbox 142 2196 209 2260; x_wconf 84' lang='grc'><strong>318,</strong></span> <span class='ocrx_word' id='word_1_147' title='bbox 226 2196 258 2249; x_wconf 83' lang='grc'><strong>31</strong></span> <span class='ocrx_word' id='word_1_148' title='bbox 280 2187 323 2246; x_wconf 87' lang='lat' dir='ltr'><strong>ita</strong></span> <span class='ocrx_word' id='word_1_149' title='bbox 344 2187 463 2246; x_wconf 83' lang='lat' dir='ltr'><strong>scribit:</strong></span> <span class='ocrx_word' id='word_1_150' title='bbox 488 2189 606 2246; x_wconf 76' lang='lat' dir='ltr'><strong>‘Hiurc&#39;</strong></span> <span class='ocrx_word' id='word_1_151' title='bbox 629 2191 733 2245; x_wconf 87' lang='lat' dir='ltr'><strong>mirari</strong></span> <span class='ocrx_word' id='word_1_152' title='bbox 739 2232 746 2256; x_wconf 93' lang='lat'>,</span> <span class='ocrx_word' id='word_1_153' title='bbox 765 2196 882 2261; x_wconf 82' lang='lat' dir='ltr'><strong>stupere</strong></span> <span class='ocrx_word' id='word_1_154' title='bbox 897 2221 940 2230; x_wconf 89' lang='lat'><em>-</em></span> <span class='ocrx_word' id='word_1_155' title='bbox 955 2221 998 2230; x_wconf 80' lang='lat'><em>-</em></span> <span class='ocrx_word' id='word_1_156' title='bbox 1025 2190 1119 2247; x_wconf 84' lang='lat' dir='ltr'><strong>Varro</strong></span> <span class='ocrx_word' id='word_1_157' title='bbox 1132 2191 1214 2247; x_wconf 88' lang='lat' dir='ltr'><strong>Mar·</strong></span> 
     </span>
     <span class='ocr_line' id='line_1_19' title="bbox 95 2293 1213 2381; baseline 0.001 -29"><span class='ocrx_word' id='word_1_158' title='bbox 95 2299 210 2367; x_wconf 66' lang='lat' dir='ltr'><strong>arbore:</strong></span> <span class='ocrx_word' id='word_1_159' title='bbox 233 2296 387 2368; x_wconf 70' lang='lat' dir='ltr'><strong>‘quicquid</strong></span> <span class='ocrx_word' id='word_1_160' title='bbox 404 2298 548 2352; x_wconf 84' lang='lat' dir='ltr'><strong>euidenter</strong></span> <span class='ocrx_word' id='word_1_161' title='bbox 572 2294 694 2366; x_wconf 81' lang='lat' dir='ltr'><strong>(cuidant</strong></span> <span class='ocrx_word' id='word_1_162' title='bbox 715 2301 742 2351; x_wconf 88' lang='lat' dir='ltr'><strong>et</strong></span> <span class='ocrx_word' id='word_1_163' title='bbox 764 2293 870 2373; x_wconf 82' lang='lat' dir='ltr'><strong>Bern.)</strong></span> <span class='ocrx_word' id='word_1_164' title='bbox 893 2300 1081 2354; x_wconf 82' lang='lat' dir='ltr'><strong>circumstant</strong></span> <span class='ocrx_word' id='word_1_165' title='bbox 1099 2314 1155 2353; x_wconf 88' lang='grc'><strong>666</strong></span> <span class='ocrx_word' id='word_1_166' title='bbox 1173 2299 1213 2381; x_wconf 80' lang='lat' dir='ltr'><strong>ri-</strong></span> 
     </span>
     <span class='ocr_line' id='line_1_20' title="bbox 96 2399 1212 2487; baseline -0.003 -26"><span class='ocrx_word' id='word_1_167' title='bbox 96 2408 163 2461; x_wconf 85' lang='lat' dir='ltr'><strong>dent</strong></span> <span class='ocrx_word' id='word_1_168' title='bbox 189 2406 275 2487; x_wconf 77' lang='lat' dir='ltr'><strong>creda</strong></span> <span class='ocrx_word' id='word_1_169' title='bbox 302 2406 397 2459; x_wconf 85' lang='lat' dir='ltr'><strong>ridere</strong></span> <span class='ocrx_word' id='word_1_170' title='bbox 424 2404 531 2459; x_wconf 78' lang='lat' dir='ltr'><strong>biatttis</strong></span> <span class='ocrx_word' id='word_1_171' title='bbox 559 2405 657 2459; x_wconf 79' lang='lat' dir='ltr'><strong>uideor</strong></span> <span class='ocrx_word' id='word_1_172' title='bbox 681 2402 788 2458; x_wconf 80' lang='lat' dir='ltr'><strong>biantis</strong></span> <span class='ocrx_word' id='word_1_173' title='bbox 818 2401 962 2473; x_wconf 81' lang='lat' dir='ltr'><strong>(bidentes</strong></span> <span class='ocrx_word' id='word_1_174' title='bbox 982 2400 1070 2460; x_wconf 89' lang='lat' dir='ltr'><strong>Leid.</strong></span> <span class='ocrx_word' id='word_1_175' title='bbox 1094 2399 1212 2460; x_wconf 84' lang='lat' dir='ltr'><strong>Genev.</strong></span> 
     </span>
     <span class='ocr_line' id='line_1_21' title="bbox 96 2505 1213 2587; baseline -0.001 -19"><span class='ocrx_word' id='word_1_176' title='bbox 96 2508 214 2587; x_wconf 74' lang='lat' dir='ltr'><strong>Bern.)‘</strong></span> <span class='ocrx_word' id='word_1_177' title='bbox 240 2529 298 2568; x_wconf 92' lang='grc'><strong>666</strong></span> <span class='ocrx_word' id='word_1_178' title='bbox 326 2513 418 2567; x_wconf 84' lang='lat' dir='ltr'><strong>audeo</strong></span> <span class='ocrx_word' id='word_1_179' title='bbox 448 2511 545 2582; x_wconf 85' lang='lat' dir='ltr'><strong>(audio</strong></span> <span class='ocrx_word' id='word_1_180' title='bbox 571 2505 683 2585; x_wconf 83' lang='lat' dir='ltr'><strong>Laid).</strong></span> <span class='ocrx_word' id='word_1_181' title='bbox 728 2505 890 2586; x_wconf 84' lang='lat' dir='ltr'><strong>Apponam</strong></span> <span class='ocrx_word' id='word_1_182' title='bbox 917 2505 1050 2567; x_wconf 82' lang='lat' dir='ltr'><strong>breviter</strong></span> <span class='ocrx_word' id='word_1_183' title='bbox 1078 2509 1213 2587; x_wconf 90' lang='lat' dir='ltr'><strong>superio·</strong></span> 
     </span>
    </p>
   </div>
   <div class='ocr_carea' id='block_1_3' title="bbox 96 2611 1370 2701">
    <p class='ocr_par' dir='ltr' id='par_1_4' title="bbox 96 2611 1370 2701">
     <span class='ocr_line' id='line_1_22' title="bbox 96 2611 1370 2701; baseline 0 -28"><span class='ocrx_word' id='word_1_184' title='bbox 96 2636 163 2699; x_wconf 82' lang='lat' dir='ltr'><strong>rum</strong></span> <span class='ocrx_word' id='word_1_185' title='bbox 183 2615 364 2674; x_wconf 89' lang='lat' dir='ltr'><strong>emendandi</strong></span> <span class='ocrx_word' id='word_1_186' title='bbox 387 2616 556 2674; x_wconf 82' lang='lat' dir='ltr'><strong>conamina.</strong></span> <span class='ocrx_word' id='word_1_187' title='bbox 600 2614 651 2673; x_wconf 83' lang='lat' dir='ltr'><strong>Sic</strong></span> <span class='ocrx_word' id='word_1_188' title='bbox 672 2611 775 2676; x_wconf 80' lang='lat' dir='ltr'><strong>Faber</strong></span> <span class='ocrx_word' id='word_1_189' title='bbox 797 2612 878 2692; x_wconf 87' lang='lat' dir='ltr'><strong>apud</strong></span> <span class='ocrx_word' id='word_1_190' title='bbox 894 2614 1064 2673; x_wconf 87' lang='lat' dir='ltr'><strong>Mercerum</strong></span> <span class='ocrx_word' id='word_1_191' title='bbox 1079 2614 1212 2692; x_wconf 88' lang='lat' dir='ltr'><strong>putavit:</strong></span> <span class='ocrx_word' id='word_1_192' title='bbox 1297 2692 1309 2701; x_wconf 20' lang='lat' dir='ltr'>N</span> <span class='ocrx_word' id='word_1_193' title='bbox 1360 2661 1370 2679; x_wconf 82' lang='grc'><strong><em>,</em></strong></span> 
     </span>
    </p>
   </div>
   <div class='ocr_carea' id='block_1_4' title="bbox 72 2723 1305 4391">
    <p class='ocr_par' dir='ltr' id='par_1_5' title="bbox 72 2723 1305 4391">
     <span class='ocr_line' id='line_1_23' title="bbox 97 2723 1215 2794; baseline 0.003 -17"><span class='ocrx_word' id='word_1_194' title='bbox 97 2725 268 2794; x_wconf 81' lang='lat' dir='ltr'><strong>quicumque</strong></span> <span class='ocrx_word' id='word_1_195' title='bbox 290 2725 436 2780; x_wconf 84' lang='lat' dir='ltr'><strong>euidenter</strong></span> <span class='ocrx_word' id='word_1_196' title='bbox 457 2726 645 2784; x_wconf 81' lang='lat' dir='ltr'><strong>circumstant</strong></span> <span class='ocrx_word' id='word_1_197' title='bbox 662 2737 728 2790; x_wconf 83' lang='lat' dir='ltr'><strong>nos,</strong></span> <span class='ocrx_word' id='word_1_198' title='bbox 759 2724 854 2778; x_wconf 86' lang='lat' dir='ltr'><strong>rideat</strong></span> <span class='ocrx_word' id='word_1_199' title='bbox 876 2725 962 2779; x_wconf 87' lang='lat' dir='ltr'><strong>credo</strong></span> <span class='ocrx_word' id='word_1_200' title='bbox 984 2725 1081 2779; x_wconf 84' lang='lat' dir='ltr'><strong>ridere</strong></span> <span class='ocrx_word' id='word_1_201' title='bbox 1102 2723 1215 2780; x_wconf 76' lang='lat' dir='ltr'><strong>triantes</strong></span> 
     </span>
     <span class='ocr_line' id='line_1_24' title="bbox 96 2825 1280 2909; baseline 0 -22"><span class='ocrx_word' id='word_1_202' title='bbox 96 2832 192 2900; x_wconf 84' lang='lat' dir='ltr'><strong>uideo,</strong></span> <span class='ocrx_word' id='word_1_203' title='bbox 215 2832 342 2886; x_wconf 84' lang='lat' dir='ltr'><strong>ridentes</strong></span> <span class='ocrx_word' id='word_1_204' title='bbox 362 2846 419 2885; x_wconf 88' lang='grc'><strong>666</strong></span> <span class='ocrx_word' id='word_1_205' title='bbox 443 2831 544 2886; x_wconf 86' lang='lat' dir='ltr'><strong>audio:</strong></span> <span class='ocrx_word' id='word_1_206' title='bbox 568 2848 648 2909; x_wconf 87' lang='lat' dir='ltr'><strong>quae</strong></span> <span class='ocrx_word' id='word_1_207' title='bbox 665 2827 709 2886; x_wconf 88' lang='lat' dir='ltr'><strong>ita</strong></span> <span class='ocrx_word' id='word_1_208' title='bbox 723 2828 880 2886; x_wconf 87' lang='lat' dir='ltr'><strong>Meroerus</strong></span> <span class='ocrx_word' id='word_1_209' title='bbox 898 2825 1047 2908; x_wconf 82' lang='lat' dir='ltr'><strong>explicat:</strong></span> <span class='ocrx_word' id='word_1_210' title='bbox 1071 2825 1214 2887; x_wconf 77' lang='lat' dir='ltr'><strong>‘duorum</strong></span> <span class='ocrx_word' id='word_1_211' title='bbox 1278 2873 1280 2876; x_wconf 26' lang='grc' dir='ltr'><em>ψ</em></span> 
     </span>
     <span class='ocr_line' id='line_1_25' title="bbox 97 2926 1214 3014; baseline -0.001 -20"><span class='ocrx_word' id='word_1_212' title='bbox 97 2955 196 2994; x_wconf 89' lang='lat' dir='ltr'><strong>sermo</strong></span> <span class='ocrx_word' id='word_1_213' title='bbox 218 2941 274 3005; x_wconf 88' lang='lat' dir='ltr'><strong>est,</strong></span> <span class='ocrx_word' id='word_1_214' title='bbox 297 2926 473 3011; x_wconf 83' lang='lat' dir='ltr'><strong>posterioris</strong></span> <span class='ocrx_word' id='word_1_215' title='bbox 494 2933 593 2992; x_wconf 87' lang='lat' dir='ltr'><strong>surdi:</strong></span> <span class='ocrx_word' id='word_1_216' title='bbox 617 2935 669 3014; x_wconf 92' lang='lat' dir='ltr'><strong>qui</strong></span> <span class='ocrx_word' id='word_1_217' title='bbox 692 2931 872 2992; x_wconf 85' lang='lat' dir='ltr'><strong>diducentes</strong></span> <span class='ocrx_word' id='word_1_218' title='bbox 894 2930 982 2992; x_wconf 85' lang='lat' dir='ltr'><strong>labra</strong></span> <span class='ocrx_word' id='word_1_219' title='bbox 1004 2933 1099 3008; x_wconf 85' lang='lat' dir='ltr'><strong>videt,</strong></span> <span class='ocrx_word' id='word_1_220' title='bbox 1122 2936 1214 2994; x_wconf 88' lang='lat' dir='ltr'><strong>risum</strong></span> 
     </span>
     <span class='ocr_line' id='line_1_26' title="bbox 97 3020 1214 3120; baseline 0.002 -19"><span class='ocrx_word' id='word_1_221' title='bbox 97 3041 203 3101; x_wconf 91' lang='lat' dir='ltr'><strong>audire</strong></span> <span class='ocrx_word' id='word_1_222' title='bbox 231 3061 292 3099; x_wconf 90' lang='lat' dir='ltr'><strong>non</strong></span> <span class='ocrx_word' id='word_1_223' title='bbox 318 3040 442 3117; x_wconf 65' lang='lat' dir='ltr'><strong>petest!</strong></span> <span class='ocrx_word' id='word_1_224' title='bbox 494 3020 531 3097; x_wconf 45' lang='grc' dir='ltr'><strong>ΑἸ</strong></span> <span class='ocrx_word' id='word_1_225' title='bbox 552 3039 660 3118; x_wconf 90' lang='lat' dir='ltr'><strong>quibus</strong></span> <span class='ocrx_word' id='word_1_226' title='bbox 690 3060 752 3098; x_wconf 90' lang='lat' dir='ltr'><strong>non</strong></span> <span class='ocrx_word' id='word_1_227' title='bbox 778 3036 904 3096; x_wconf 89' lang='lat' dir='ltr'><strong>multum</strong></span> <span class='ocrx_word' id='word_1_228' title='bbox 936 3038 1052 3100; x_wconf 85' lang='lat' dir='ltr'><strong>abludit</strong></span> <span class='ocrx_word' id='word_1_229' title='bbox 1079 3044 1214 3120; x_wconf 85' lang='lat' dir='ltr'><strong>Popmae</strong></span> 
     </span>
     <span class='ocr_line' id='line_1_27' title="bbox 97 3147 1214 3223; baseline 0.003 -19"><span class='ocrx_word' id='word_1_230' title='bbox 97 3154 313 3204; x_wconf 88' lang='lat' dir='ltr'><strong>commentum:</strong></span> <span class='ocrx_word' id='word_1_231' title='bbox 348 3149 487 3219; x_wconf 82' lang='lat' dir='ltr'><strong>quidquid</strong></span> <span class='ocrx_word' id='word_1_232' title='bbox 513 3164 537 3203; x_wconf 87' lang='lat' dir='ltr'><strong>a.</strong></span> <span class='ocrx_word' id='word_1_233' title='bbox 557 3166 608 3216; x_wconf 41' lang='grc' dir='ltr'><strong>λ6.,</strong></span> <span class='ocrx_word' id='word_1_234' title='bbox 638 3166 694 3204; x_wconf 91' lang='grc'><strong>666</strong></span> <span class='ocrx_word' id='word_1_235' title='bbox 724 3151 831 3215; x_wconf 84' lang='lat' dir='ltr'><strong>uideat,</strong></span> <span class='ocrx_word' id='word_1_236' title='bbox 860 3147 951 3204; x_wconf 82' lang='lat' dir='ltr'><strong>Credo</strong></span> <span class='ocrx_word' id='word_1_237' title='bbox 976 3167 1000 3204; x_wconf 88' lang='lat' dir='ltr'><strong>r.</strong></span> <span class='ocrx_word' id='word_1_238' title='bbox 1024 3150 1214 3223; x_wconf 70' lang='grc' dir='ltr'><strong>1666166(ρί-</strong></span> 
     </span>
     <span class='ocr_line' id='line_1_28' title="bbox 96 3244 1305 3332; baseline -0.002 -22"><span class='ocrx_word' id='word_1_239' title='bbox 96 3256 149 3310; x_wconf 86' lang='lat' dir='ltr'><strong>deo</strong></span> <span class='ocrx_word' id='word_1_240' title='bbox 179 3254 307 3321; x_wconf 79' lang='lat' dir='ltr'><strong>triantes,</strong></span> <span class='ocrx_word' id='word_1_241' title='bbox 346 3272 401 3310; x_wconf 91' lang='grc'><strong>666</strong></span> <span class='ocrx_word' id='word_1_242' title='bbox 435 3257 528 3311; x_wconf 84' lang='lat' dir='ltr'><strong>audio.</strong></span> <span class='ocrx_word' id='word_1_243' title='bbox 586 3251 730 3331; x_wconf 85' lang='lat' dir='ltr'><strong>Denique</strong></span> <span class='ocrx_word' id='word_1_244' title='bbox 765 3249 948 3311; x_wconf 82' lang='lat' dir='ltr'><strong>Gerlachius</strong></span> <span class='ocrx_word' id='word_1_245' title='bbox 980 3244 1124 3324; x_wconf 79' lang='grc'><strong>66666611,</strong></span> <span class='ocrx_word' id='word_1_246' title='bbox 1162 3254 1215 3332; x_wconf 91' lang='lat' dir='ltr'><strong>qui</strong></span> <span class='ocrx_word' id='word_1_247' title='bbox 1302 3301 1305 3308; x_wconf 95' lang='lat'>.</span> 
     </span>
     <span class='ocr_line' id='line_1_29' title="bbox 95 3351 1213 3439; baseline 0.003 -23"><span class='ocrx_word' id='word_1_248' title='bbox 95 3351 188 3431; x_wconf 85' lang='lat' dir='ltr'><strong>haec,</strong></span> <span class='ocrx_word' id='word_1_249' title='bbox 227 3365 380 3436; x_wconf 86' lang='lat' dir='ltr'><strong>tamquam</strong></span> <span class='ocrx_word' id='word_1_250' title='bbox 415 3379 433 3416; x_wconf 87' lang='lat' dir='ltr'><strong>a</strong></span> <span class='ocrx_word' id='word_1_251' title='bbox 469 3357 598 3416; x_wconf 85' lang='lat' dir='ltr'><strong>diversis</strong></span> <span class='ocrx_word' id='word_1_252' title='bbox 628 3358 765 3435; x_wconf 81' lang='lat' dir='ltr'><strong>personis</strong></span> <span class='ocrx_word' id='word_1_253' title='bbox 792 3356 889 3430; x_wconf 86' lang='lat' dir='ltr'><strong>dicta,</strong></span> <span class='ocrx_word' id='word_1_254' title='bbox 924 3360 1094 3420; x_wconf 87' lang='lat' dir='ltr'><strong>Varronem</strong></span> <span class='ocrx_word' id='word_1_255' title='bbox 1121 3362 1213 3439; x_wconf 88' lang='lat' dir='ltr'><strong>scrip·</strong></span> 
     </span>
     <span class='ocr_line' id='line_1_30' title="bbox 96 3461 1215 3545; baseline 0.004 -24"><span class='ocrx_word' id='word_1_256' title='bbox 96 3463 174 3521; x_wconf 85' lang='lat' dir='ltr'><strong>sisse</strong></span> <span class='ocrx_word' id='word_1_257' title='bbox 204 3461 261 3520; x_wconf 89' lang='lat' dir='ltr'><strong>sibi</strong></span> <span class='ocrx_word' id='word_1_258' title='bbox 289 3464 453 3540; x_wconf 84' lang='lat' dir='ltr'><strong>persuasit,</strong></span> <span class='ocrx_word' id='word_1_259' title='bbox 482 3463 588 3541; x_wconf 88' lang='lat' dir='ltr'><strong>opinor</strong></span> <span class='ocrx_word' id='word_1_260' title='bbox 616 3463 674 3524; x_wconf 85' lang='lat' dir='ltr'><strong>sibi</strong></span> <span class='ocrx_word' id='word_1_261' title='bbox 699 3465 773 3524; x_wconf 87' lang='lat' dir='ltr'><strong>soli:</strong></span> <span class='ocrx_word' id='word_1_262' title='bbox 803 3468 903 3536; x_wconf 78' lang='lat' dir='ltr'><strong>quiqui</strong></span> <span class='ocrx_word' id='word_1_263' title='bbox 928 3464 987 3536; x_wconf 85' lang='grc'><strong>(616</strong></span> <span class='ocrx_word' id='word_1_264' title='bbox 1008 3465 1137 3524; x_wconf 89' lang='lat' dir='ltr'><strong>Rothius</strong></span> <span class='ocrx_word' id='word_1_265' title='bbox 1160 3487 1215 3545; x_wconf 90' lang='lat' dir='ltr'><strong>pro</strong></span> 
     </span>
     <span class='ocr_line' id='line_1_31' title="bbox 96 3573 1214 3644; baseline 0.003 -17"><span class='ocrx_word' id='word_1_266' title='bbox 96 3573 243 3644; x_wconf 85' lang='lat' dir='ltr'><strong>quicquid)</strong></span> <span class='ocrx_word' id='word_1_267' title='bbox 266 3573 454 3627; x_wconf 81' lang='lat' dir='ltr'><strong>circumstant</strong></span> <span class='ocrx_word' id='word_1_268' title='bbox 476 3587 542 3638; x_wconf 83' lang='grc'><strong>666,</strong></span> <span class='ocrx_word' id='word_1_269' title='bbox 567 3575 711 3630; x_wconf 79' lang='lat' dir='ltr'><strong>euidenter</strong></span> <span class='ocrx_word' id='word_1_270' title='bbox 732 3575 853 3628; x_wconf 82' lang='lat' dir='ltr'><strong>rident.</strong></span> <span class='ocrx_word' id='word_1_271' title='bbox 879 3616 885 3627; x_wconf 91' lang='lat'><em>.</em></span> <span class='ocrx_word' id='word_1_272' title='bbox 907 3576 993 3630; x_wconf 85' lang='lat' dir='ltr'><strong>credo</strong></span> <span class='ocrx_word' id='word_1_273' title='bbox 1016 3575 1112 3629; x_wconf 85' lang='lat' dir='ltr'><strong>ridere</strong></span> <span class='ocrx_word' id='word_1_274' title='bbox 1132 3573 1214 3631; x_wconf 81' lang='grc'><strong>1666-</strong></span> 
     </span>
     <span class='ocr_line' id='line_1_32' title="bbox 96 3666 1214 3753; baseline 0.004 -21"><span class='ocrx_word' id='word_1_275' title='bbox 96 3683 139 3732; x_wconf 86' lang='lat' dir='ltr'><strong>tcs</strong></span> <span class='ocrx_word' id='word_1_276' title='bbox 160 3718 166 3731; x_wconf 88' lang='lat'>.</span> <span class='ocrx_word' id='word_1_277' title='bbox 191 3719 196 3730; x_wconf 96' lang='lat'>.</span> <span class='ocrx_word' id='word_1_278' title='bbox 218 3677 330 3731; x_wconf 76' lang='lat' dir='ltr'><strong>triantes</strong></span> <span class='ocrx_word' id='word_1_279' title='bbox 353 3678 441 3745; x_wconf 84' lang='lat' dir='ltr'><strong>rideo,</strong></span> <span class='ocrx_word' id='word_1_280' title='bbox 458 3695 514 3734; x_wconf 92' lang='grc'><strong>666</strong></span> <span class='ocrx_word' id='word_1_281' title='bbox 530 3681 623 3735; x_wconf 86' lang='lat' dir='ltr'><strong>audio.</strong></span> <span class='ocrx_word' id='word_1_282' title='bbox 653 3666 874 3753; x_wconf 65' lang='lat' dir='ltr'><strong>Uerbigendum</strong></span> <span class='ocrx_word' id='word_1_283' title='bbox 888 3685 967 3736; x_wconf 87' lang='lat' dir='ltr'><strong>erat:</strong></span> <span class='ocrx_word' id='word_1_284' title='bbox 988 3682 1159 3752; x_wconf 86' lang='lat' dir='ltr'><strong>quiquidem</strong></span> <span class='ocrx_word' id='word_1_285' title='bbox 1175 3683 1214 3736; x_wconf 88' lang='lat' dir='ltr'><strong>ai-</strong></span> 
     </span>
     <span class='ocr_line' id='line_1_33' title="bbox 97 3771 1215 3868; baseline 0.005 -30"><span class='ocrx_word' id='word_1_286' title='bbox 97 3786 197 3849; x_wconf 80' lang='grc'><strong>(16666</strong></span> <span class='ocrx_word' id='word_1_287' title='bbox 205 3771 408 3849; x_wconf 85' lang='lat' dir='ltr'><strong>circumstant,</strong></span> <span class='ocrx_word' id='word_1_288' title='bbox 426 3800 482 3838; x_wconf 89' lang='grc'><strong>666</strong></span> <span class='ocrx_word' id='word_1_289' title='bbox 498 3786 593 3868; x_wconf 61' lang='lat' dir='ltr'><strong>qiaent</strong></span> <span class='ocrx_word' id='word_1_290' title='bbox 608 3785 712 3841; x_wconf 84' lang='lat' dir='ltr'><strong>credo:</strong></span> <span class='ocrx_word' id='word_1_291' title='bbox 735 3788 830 3842; x_wconf 83' lang='lat' dir='ltr'><strong>cidare</strong></span> <span class='ocrx_word' id='word_1_292' title='bbox 846 3787 952 3842; x_wconf 75' lang='lat' dir='ltr'><strong>triantis</strong></span> <span class='ocrx_word' id='word_1_293' title='bbox 966 3789 1072 3854; x_wconf 82' lang='lat' dir='ltr'><strong>ridear,</strong></span> <span class='ocrx_word' id='word_1_294' title='bbox 1088 3789 1215 3844; x_wconf 79' lang='lat' dir='ltr'><strong>ridentes</strong></span> 
     </span>
     <span class='ocr_line' id='line_1_34' title="bbox 97 3885 1213 3971; baseline 0.003 -24"><span class='ocrx_word' id='word_1_295' title='bbox 97 3908 154 3947; x_wconf 91' lang='grc'><strong>666</strong></span> <span class='ocrx_word' id='word_1_296' title='bbox 185 3892 276 3946; x_wconf 83' lang='lat' dir='ltr'><strong>audeo</strong></span> <span class='ocrx_word' id='word_1_297' title='bbox 297 3921 352 3944; x_wconf 86' lang='lat'><strong>—.</strong></span> <span class='ocrx_word' id='word_1_298' title='bbox 398 3885 486 3964; x_wconf 75' lang='lat' dir='ltr'><strong>Quae</strong></span> <span class='ocrx_word' id='word_1_299' title='bbox 515 3887 636 3966; x_wconf 86' lang='lat' dir='ltr'><strong>quidem</strong></span> <span class='ocrx_word' id='word_1_300' title='bbox 659 3891 812 3962; x_wconf 80' lang='lat' dir='ltr'><strong>sententia</strong></span> <span class='ocrx_word' id='word_1_301' title='bbox 836 3907 891 3967; x_wconf 88' lang='lat' dir='ltr'><strong>per</strong></span> <span class='ocrx_word' id='word_1_302' title='bbox 912 3908 946 3946; x_wconf 90' lang='lat' dir='ltr'><strong>se</strong></span> <span class='ocrx_word' id='word_1_303' title='bbox 964 3888 1065 3968; x_wconf 84' lang='lat' dir='ltr'><strong>plana,</strong></span> <span class='ocrx_word' id='word_1_304' title='bbox 1094 3898 1127 3948; x_wconf 91' lang='lat' dir='ltr'><strong>ut</strong></span> <span class='ocrx_word' id='word_1_305' title='bbox 1150 3892 1213 3971; x_wconf 90' lang='lat' dir='ltr'><strong>opi-</strong></span> 
     </span>
     <span class='ocr_line' id='line_1_35' title="bbox 72 3983 1214 4083; baseline 0.005 -33"><span class='ocrx_word' id='word_1_306' title='bbox 72 4014 168 4083; x_wconf 43' lang='lat' dir='ltr'><strong>.nor,</strong></span> <span class='ocrx_word' id='word_1_307' title='bbox 205 4012 264 4071; x_wconf 93' lang='lat' dir='ltr'><strong>quo</strong></span> <span class='ocrx_word' id='word_1_308' title='bbox 302 3994 421 4068; x_wconf 81' lang='lat' dir='ltr'><strong>integra</strong></span> <span class='ocrx_word' id='word_1_309' title='bbox 454 3994 506 4066; x_wconf 84' lang='lat' dir='ltr'><strong>sit,</strong></span> <span class='ocrx_word' id='word_1_310' title='bbox 539 4015 619 4072; x_wconf 88' lang='lat' dir='ltr'><strong>pone</strong></span> <span class='ocrx_word' id='word_1_311' title='bbox 653 4000 744 4054; x_wconf 84' lang='lat' dir='ltr'><strong>audeo</strong></span> <span class='ocrx_word' id='word_1_312' title='bbox 773 3994 983 4055; x_wconf 81' lang='lat' dir='ltr'><strong>asciscendum</strong></span> <span class='ocrx_word' id='word_1_313' title='bbox 1007 3983 1133 4054; x_wconf 87' lang='lat' dir='ltr'><strong>verbum</strong></span> <span class='ocrx_word' id='word_1_314' title='bbox 1163 4017 1214 4056; x_wconf 87' lang='lat' dir='ltr'><strong>ve·</strong></span> 
     </span>
     <span class='ocr_line' id='line_1_36' title="bbox 83 4098 1304 4185; baseline 0.005 -28"><span class='ocrx_word' id='word_1_315' title='bbox 83 4099 143 4183; x_wconf 48' lang='lat' dir='ltr'><strong>¹lut</strong></span> <span class='ocrx_word' id='word_1_316' title='bbox 170 4104 296 4174; x_wconf 84' lang='lat' dir='ltr'><strong>coqitarc</strong></span> <span class='ocrx_word' id='word_1_317' title='bbox 331 4098 382 4158; x_wconf 87' lang='lat' dir='ltr'><strong>vel</strong></span> <span class='ocrx_word' id='word_1_318' title='bbox 408 4105 502 4159; x_wconf 83' lang='lat' dir='ltr'><strong>auimo</strong></span> <span class='ocrx_word' id='word_1_319' title='bbox 529 4101 699 4174; x_wconf 80' lang='lat' dir='ltr'><strong>informare.</strong></span> <span class='ocrx_word' id='word_1_320' title='bbox 728 4102 872 4181; x_wconf 51' lang='lat' dir='ltr'><strong>‚Nempe</strong></span> <span class='ocrx_word' id='word_1_321' title='bbox 900 4101 944 4160; x_wconf 90' lang='grc'><strong>616</strong></span> <span class='ocrx_word' id='word_1_322' title='bbox 970 4105 1084 4176; x_wconf 88' lang='lat' dir='ltr'><strong>sentio,</strong></span> <span class='ocrx_word' id='word_1_323' title='bbox 1109 4106 1214 4163; x_wconf 85' lang='lat' dir='ltr'><strong>nescio</strong></span> <span class='ocrx_word' id='word_1_324' title='bbox 1298 4180 1304 4185; x_wconf 26' lang='grc' dir='ltr'>ι</span> 
     </span>
     <span class='ocr_line' id='line_1_37' title="bbox 99 4205 1213 4288; baseline 0.004 -25"><span class='ocrx_word' id='word_1_325' title='bbox 99 4225 189 4283; x_wconf 87' lang='lat' dir='ltr'><strong>quem</strong></span> <span class='ocrx_word' id='word_1_326' title='bbox 213 4206 264 4284; x_wconf 87' lang='lat' dir='ltr'><strong>qui</strong></span> <span class='ocrx_word' id='word_1_327' title='bbox 285 4205 324 4264; x_wconf 91' lang='grc'><strong>(16</strong></span> <span class='ocrx_word' id='word_1_328' title='bbox 344 4205 489 4264; x_wconf 78' lang='lat' dir='ltr'><strong>miraculo</strong></span> <span class='ocrx_word' id='word_1_329' title='bbox 513 4207 645 4286; x_wconf 88' lang='lat' dir='ltr'><strong>quodam</strong></span> <span class='ocrx_word' id='word_1_330' title='bbox 666 4218 852 4282; x_wconf 85' lang='lat' dir='ltr'><strong>narraverat,</strong></span> <span class='ocrx_word' id='word_1_331' title='bbox 875 4208 1059 4269; x_wconf 87' lang='lat' dir='ltr'><strong>auditoribus</strong></span> <span class='ocrx_word' id='word_1_332' title='bbox 1082 4230 1156 4288; x_wconf 90' lang='lat' dir='ltr'><strong>quos</strong></span> <span class='ocrx_word' id='word_1_333' title='bbox 1175 4210 1213 4268; x_wconf 91' lang='lat' dir='ltr'><strong>ri·</strong></span> 
     </span>
     <span class='ocr_line' id='line_1_38' title="bbox 99 4291 1214 4391; baseline 0.007 -23"><span class='ocrx_word' id='word_1_334' title='bbox 99 4310 207 4370; x_wconf 87' lang='lat' dir='ltr'><strong>dentes</strong></span> <span class='ocrx_word' id='word_1_335' title='bbox 237 4311 275 4370; x_wconf 90' lang='lat' dir='ltr'><strong>de</strong></span> <span class='ocrx_word' id='word_1_336' title='bbox 298 4313 386 4389; x_wconf 80' lang='lat' dir='ltr'><strong>nugis</strong></span> <span class='ocrx_word' id='word_1_337' title='bbox 408 4291 475 4372; x_wconf 83' lang='lat' dir='ltr'><strong>istis</strong></span> <span class='ocrx_word' id='word_1_338' title='bbox 494 4312 635 4387; x_wconf 87' lang='lat' dir='ltr'><strong>videbat,</strong></span> <span class='ocrx_word' id='word_1_339' title='bbox 665 4313 743 4374; x_wconf 87' lang='lat' dir='ltr'><strong>haec</strong></span> <span class='ocrx_word' id='word_1_340' title='bbox 766 4314 895 4376; x_wconf 85' lang='lat' dir='ltr'><strong>dixisse:</strong></span> <span class='ocrx_word' id='word_1_341' title='bbox 922 4339 977 4378; x_wconf 85' lang='lat' dir='ltr'><strong>vos</strong></span> <span class='ocrx_word' id='word_1_342' title='bbox 1000 4317 1119 4391; x_wconf 86' lang='lat' dir='ltr'><strong>ridetis,</strong></span> <span class='ocrx_word' id='word_1_343' title='bbox 1144 4317 1214 4376; x_wconf 92' lang='lat' dir='ltr'><strong>dum</strong></span> 
     </span>
    </p>
   </div>
   <div class='ocr_carea' id='block_1_5' title="bbox 0 0 1390 4890">
    <p class='ocr_par' dir='ltr' id='par_1_6' title="bbox 0 0 1390 4890">
     <span class='ocr_line' id='line_1_39' title="bbox 0 0 1390 4890; baseline 0 0"><span class='ocrx_word' id='word_1_344' title='bbox 0 0 1390 4890; x_wconf 95' lang='lat' dir='ltr'><strong> </strong></span> 
     </span>
    </p>
   </div>
  </div>
 </body>
</html>
