2760 4890
505 276 517 299 2

544 337 799 388 consecranei.
1186 330 1227 391 83

109 493 256 553 ductione
276 493 357 553 huno
377 514 508 568 versum,
533 515 622 574 quem
638 517 676 556 err
698 502 854 553 Ocrocsssrs
876 497 913 557 fr.
931 506 949 558 ‘2
965 500 1122 574 suscitavi,
1147 520 1226 559 com-

107 599 273 660 mendara:

264 772 329 828 Ηόε
350 778 415 828 erat
434 771 605 830 incommodi
622 776 699 845 qnod
716 773 912 831 ndaciebnmtis
933 778 1020 832 semet

266 849 356 936 Unam
374 880 518 951 mapulam
541 878 611 934 esso.

105 1049 210 1124 Pergo
237 1046 278 1105 ad
298 1066 366 1106 eam
386 1056 535 1119 saturam,
559 1047 607 1105 cui
629 1051 683 1102 Lex
702 1053 802 1104 Massa
824 1049 1006 1109 inscribitur.
1051 1050 1124 1108 Eius
1148 1050 1185 1108 fr.
1207 1058 1223 1113 7

104 1153 202 1214 Nouii
231 1153 301 1213 libri
332 1175 362 1233 p.
392 1163 456 1227 106,
479 1163 497 1219 6
523 1153 566 1212 ita
587 1152 763 1231 perhibent:
792 1161 819 1212 si
839 1160 890 1229 qui
914 1160 1058 1228 patrium,
1087 1161 1223 1214 castiorem

34 1304 38 1309 -
103 1272 273 1335 parentem,
301 1266 455 1337 rationaii,
484 1266 514 1318 in
540 1278 573 1317 eo
596 1268 639 1316 est
667 1262 771 1332 culpo:
799 1267 876 1334 qrtoct
894 1264 969 1337 fucit
986 1283 1044 1337 pro
1063 1283 1116 1322 suo
1135 1274 1223 1337 porto

68 1436 71 1440 ⁴
103 1372 144 1439 is,
172 1372 225 1441 qni
244 1386 276 1425 se
296 1371 442 1426 eunucha!
466 1375 517 1424 aut
541 1369 639 1440 aliquo
668 1368 771 1440 (aliqui
788 1367 943 1427 Wolfenb.
970 1373 1079 1444 aliquid
1100 1369 1221 1449 Bamb.)
1274 1420 1285 1427 ,,

103 1477 210 1532 liberos
223 1478 372 1548 producit.
405 1472 565 1533 Sententia
586 1473 617 1530 in
637 1472 811 1531 universum
831 1474 925 1552 plana
949 1485 1005 1548 est,
1030 1496 1120 1555 quam
1141 1475 1222 1536 Oeb-

104 1579 190 1637 lerus
217 1578 391 1652 Ciceronis,
419 1597 481 1636 non
505 1578 650 1637 Varronis
678 1577 747 1635 loco
776 1577 873 1657 (apud
897 1580 1031 1641 Nonium
1052 1603 1082 1660 p.
1105 1592 1167 1657 4⁶26,
1188 1584 1221 1662 9]

103 1684 254 1744 illustrat:
283 1689 326 1743 sio
346 1688 481 1759 quonium
496 1689 587 1758 pluro
609 1688 746 1758 beneficio
770 1690 894 1744 contirtet
911 1694 1012 1762 patrio
1034 1698 1062 1747 et
1084 1701 1125 1748 est
1148 1696 1221 1749 onti-

102 1796 189 1865 quior
220 1807 333 1864 porana
363 1810 449 1865 quom
485 1796 511 1850 is
546 1797 597 1867 qui
632 1796 754 1862 creavit,
791 1798 883 1851 maior
916 1799 944 1852 ei
974 1797 1106 1870 profecto
1135 1817 1219 1871 quom

99 1902 223 1971 parenti
252 1900 372 1956 debetur
400 1902 506 1972 qratia.
556 1897 647 1956 Addo
677 1918 693 1956 e
724 1897 880 1957 Ciceronis
899 1886 1045 1978 ¹epistulis
1074 1902 1112 1961 ad
1140 1904 1219 1961 Atti·

103 2024 172 2064 cum
189 2004 241 2064 IX
262 2012 294 2076 9,
315 2012 347 2064 2:
379 2006 447 2062 huic
475 2007 559 2074 bello,
588 2008 617 2062 in
645 2024 700 2078 quo
730 2013 810 2062 toruo
840 2009 882 2062 ois
903 2010 1020 2065 sceleris
1039 2011 1146 2082 fictura
1168 2020 1219 2079 est,

102 2123 147 2183 ut,
174 2130 241 2170 cum
265 2118 406 2185 parentes
433 2129 490 2167 aon
516 2114 594 2168 alere
622 2111 767 2183 nefarium
794 2115 844 2181 sit,
876 2116 969 2169 nostri
989 2118 1139 2186 principes
1168 2136 1219 2172 on-

100 2202 292 2292 tiqm’ssiraom
317 2225 345 2274 et
368 2221 577 2274 sanctissimam
599 2226 767 2290 parentem,
788 2220 933 2289 purnium,
960 2218 1040 2292 fortio
1059 2225 1218 2277 neoorulom

96 2333 212 2397 patent.
258 2321 417 2383 Dubitatic
441 2323 575 2381 exoritur
600 2322 638 2381 de
667 2324 828 2402 postremis
855 2333 907 2382 urst
932 2328 1023 2398 aliqui
1042 2326 1164 2401 (siliqua)
1185 2331 1218 2384 li·

100 2434 186 2489 beros
206 2433 355 2504 producit.
398 2431 447 2489 De
468 2429 575 2508 quibus
595 2451 673 2511 quae
694 2433 746 2490 alii
769 2430 995 2506 excogitarunt,
1021 2450 1124 2489 eorum
1143 2433 1221 2492 nihil
1263 2468 1266 2474 ,

102 2535 175 2595 mibi
196 2533 320 2614 quidem
343 2534 503 2614 probatur:
528 2539 572 2596 sic
592 2539 708 2615 Popma
727 2541 808 2596 lsuud
828 2541 926 2610 otique
949 2540 995 2594 lib.
1014 2542 1114 2610 prod,
1135 2537 1217 2599 Oeb-

100 2640 184 2699 lerus
207 2648 260 2697 out
281 2644 350 2700 alibi
368 2645 414 2700 lib.
437 2648 524 2716 prod.
548 2642 603 2704 ‘se
623 2665 713 2724 quam
732 2646 763 2702 in
783 2644 906 2722 patria.'
927 2643 979 2701 vel
1001 2653 1052 2701 oret
1072 2633 1138 2715 ἅλις
1158 2651 1216 2719 qui.

99 2747 212 2806 Paullo
235 2747 346 2807 certius
368 2746 406 2807 de
426 2768 527 2808 eorum
550 2751 763 2810 cirrendaticnc
785 2748 920 2807 iudicare
944 2749 1064 2824 licebit,
1094 2752 1146 2811 ubi
1165 2754 1218 2812 illa

99 2834 162 2913 nou
183 2853 350 2933 pedestria,
373 2875 451 2934 quae
474 2857 574 2916 adbuc
589 2856 782 2936 putabantur,
801 2856 856 2916 sed
875 2866 970 2916 metro
984 2869 1133 2938 concepta
1148 2880 1217 2918 esse

99 2958 284 3020 ostendero:

708 3102 735 3156 si
754 3103 805 3172 qui
822 3103 950 3172 patriam

253 3202 392 3259 Mciiorem
408 3205 560 3276 pore'ntem
580 3208 732 3277 entinqnit,
755 3204 784 3261 in
807 3213 866 3261 eost
887 3208 990 3278 crclpa:
1011 3204 1088 3278 quid
1106 3205 1181 3277 furit

253 3309 313 3366 Pro*
334 3325 388 3367 suo
406 3320 493 3382 porte
515 3315 540 3367 is
561 3311 613 3384 qui
630 3328 660 3367 se
682 3313 827 3368 eronucbot
847 3314 897 3368 citt
919 3315 984 3368 totis·
1003 3315 1053 3384 qui
1074 3310 1180 3367 llberos

187 3398 191 3407 ¹
251 3415 398 3472 Priduoit.

98 3584 226 3653 Numeri
251 3582 422 3655 manifesti,
451 3584 569 3662 opinor:
600 3606 782 3665 quamquam
810 3585 848 3643 de
874 3585 934 3643 illis
962 3588 988 3640 si
1012 3587 1063 3657 qui
1084 3589 1214 3657 puniam

98 3692 174 3751 nihil
198 3690 319 3750 definio.
365 3687 455 3766 Quod
478 3691 587 3771 scripsi
611 3701 661 3750 out
683 3696 748 3750 totis
770 3696 828 3765 qui,
853 3689 1128 3748 commendatarii
1150 3691 1213 3769 qui-

99 3797 168 3857 dem
182 3798 312 3857 lenitate
327 3797 500 3855 mutationis
516 3818 575 3857 nec
592 3797 735 3856 abhorret
751 3818 769 3855 a
783 3807 894 3856 metro:
916 3797 970 3855 scd
990 3816 1098 3855 rnanca
1111 3795 1214 3856 evadit

98 3904 268 3977 sententia,
297 3923 387 3983 quam
415 3903 513 3981 possis
541 3907 584 3964 ita
615 3915 715 3965 urente
743 3904 902 3983 supplere:
931 3903 1003 3961 talis
1027 3905 1078 3982 qui
1101 3903 1213 3962 liberos

96 4008 255 4087 producit,
284 4009 391 4089 quales
413 4010 524 4070 vitales
547 4029 615 4069 esse
635 4011 687 4070 vel
710 4030 886 4070 succurrere
908 4012 1026 4088 patriae
1047 4020 1212 4088 nequeunt.

96 4116 165 4175 Neo
188 4124 291 4174 tammr
314 4136 382 4176 eam
402 4116 599 4195 suspitionem
621 4139 674 4196 pro
697 4128 781 4177 certa
801 4116 940 4175 vendito:
970 4117 1027 4175 nisi
1051 4114 1131 4193 quud
1153 4134 1213 4171 non

96 4223 195 4281 feram
216 4221 407 4283 emendando
428 4244 569 4282 numeros
591 4223 791 4302 pessumdari.

181 4330 266 4405 llrgo
283 4329 354 4388 huic
370 4339 492 4389 saturae
511 4350 577 4388 cum
594 4329 704 4388 addam
719 4350 810 4387 unurn
827 4330 1028 4405 fragmentum
1045 4328 1210 4397 nretrieum,

966 4432 984 4488 6
995 4432 1008 4467 s
