2760 4890
129 325 168 385 30
559 329 813 379 commorarer.

128 495 179 574 plo
202 490 359 552 Varronis.
401 489 576 568 Explicatio
597 489 690 548 Nonii
717 489 796 548 hacc
824 499 886 547 est:
916 487 1158 557 ‘sarcinatricis',
1187 508 1241 546 666

128 609 159 658 ut
189 601 305 672 quidam
334 599 431 653 661661
459 593 652 665 ‘sarcita-icis,
681 600 766 670 quasi
795 616 813 653 6
840 599 1007 663 sarciendo,
1041 598 1093 652 sed
1113 598 1243 667 (669166

128 710 260 776 sarcinis,
280 706 357 778 quod
369 703 526 773 plurimum
541 705 659 758 vestiam
671 708 766 758 66661.
792 701 842 760 Sic
856 701 936 759 enim
950 709 1037 758 suant
1050 721 1105 781 pro
1120 708 1243 767 sumant,

62 813 64 818 ’
127 814 159 896 in
175 830 233 890 quo
249 805 365 887 aliquid
381 805 448 863 miri
464 806 560 864 sensit
577 804 744 879 Oehlerus,
767 808 899 866 correxit
912 808 1072 866 verissime
1090 807 1117 866 is
1127 825 1243 885 „quem

127 917 179 975 ille
203 916 317 988 citavit,
345 913 516 974 Gulielmus
538 913 569 970 in
584 911 798 971 verisimilibus
811 913 845 971 ΙΙ
864 921 897 973 12
920 910 1056 989 (Gruteri
1075 913 1183 990 Lamp.
1196 910 1246 969 ΙΙΙ

127 1044 157 1101 p.
171 1019 235 1098 288)
257 1017 344 1077 Idem
360 1019 398 1079 16
414 1018 562 1078 machinis
574 1018 678 1097 lepide
694 1018 876 1077 ‘machinae’
893 1020 937 1078 ait
948 1018 1107 1096 ‘pergulae
1122 1025 1202 1089 sunt,
1214 1018 1244 1074 in

130 1126 237 1207 quibus
259 1125 472 1184 sarcinatrices
496 1143 571 1202 opus
595 1123 786 1196 factitabant,
809 1145 871 1183 non
892 1125 951 1182 hoc
973 1124 1061 1183 modo
1074 1125 1243 1195 Minervae,

128 1234 184 1294 sed
206 1235 334 1293 alterum
353 1249 474 1311 quoque
489 1228 575 1302 illud,
600 1231 632 1289 ni
648 1228 750 1302 fallor,
767 1230 921 1289 Veneris?
944 1230 1012 1288 Nisi
1029 1228 1110 1307 quod
1126 1229 1165 1288 de
1183 1230 1244 1308 opi-

127 1341 196 1399 ficio
217 1340 347 1400 Veneris
362 1336 446 1405 ,nihil
470 1356 524 1394 nos
546 1345 579 1394 61
606 1337 772 1412 cogitemus
795 1335 890 1395 verba
912 1336 1059 1396 Varronis
1082 1335 1245 1396 adducunt.

128 1447 217 1506 Alias
230 1446 356 1505 aliorum
368 1442 406 1501 de
419 1442 566 1500 machinis
582 1462 618 1500 66
632 1442 878 1501 sarcinatricibus
889 1443 1056 1501 sententias
1070 1445 1245 1503 6116611616-

128 1555 180 1612 nia
192 1561 332 1612 veterum
346 1548 497 1608 Oehlcrus
512 1550 676 1626 congessit.
705 1551 767 1608 ‘De
780 1548 825 1607 re'
844 1547 990 1607 lectorem
1003 1547 1087 1607 adire
1104 1548 1190 1608 iubet
1202 1550 1245 1606 in-

129 1667 281 1737 terpretes
298 1655 338 1716 ad
352 1656 474 1713 Horatii
493 1656 690 1733 epistularum
708 1656 742 1714 H
763 1667 789 1730 l,
814 1663 868 1717 mo
878 1676 946 1735 sqq.
985 1654 1034 1714 Ibi
1056 1655 1136 1714 enim
1154 1661 1246 1733 poeta

130 1771 306 1822 consuetam
319 1761 406 1820 Italis
421 1761 562 1838 gentibus
578 1771 648 1842 post
664 1783 795 1822 messem
807 1763 1067 1821 Fescenninorum
1082 1762 1246 1820 carminum

128 1871 284 1929 licentiam
298 1867 458 1927 describit:
482 1877 513 1927 at
526 1869 635 1943 Varro,
658 1879 692 1928 61
708 1869 780 1928 mihi
793 1867 917 1947 quidem
929 1867 1061 1941 videtur,
1085 1889 1146 1927 non
1157 1869 1246 1927 istam

129 1975 323 2047 sollemnem,
356 1996 435 2054 quae
465 1977 626 2055 quotannis
648 1974 782 2047 redibat,
811 1974 982 2046 licentiam,
1012 1973 1068 2032 sed
1088 1975 1246 2050 vulgarem

129 2081 384 2141 vindemiatorum
406 2103 442 2141 ac
465 2083 695 2143 sarcinatricum
722 2083 801 2139 inter
825 2081 961 2139 laborem
984 2080 1152 2138 cantitandi
1176 2100 1244 2138 con-

129 2187 320 2247 suetudinem
342 2191 472 2266 attingit.
514 2190 564 2248 De
584 2188 658 2248 sede
681 2208 717 2247 ac
741 2208 822 2246 ncxu
841 2189 906 2247 eius
930 2187 1092 2263 fragmenti
1114 2187 1245 2245 fortasse

130 2293 182 2351 alii
210 2293 300 2353 aliter
325 2296 474 2371 sentient,
504 2295 590 2354 velut
616 2314 677 2352 non
702 2294 805 2372 inepte
829 2294 939 2373 aliquis
962 2292 1057 2352 verba
1084 2293 1128 2351 ita
1153 2294 1244 2351 inter·

128 2408 280 2478 pretatur,
313 2410 347 2459 ut
375 2403 512 2461 nativam
540 2401 635 2458 cuivis
661 2399 775 2457 homini
799 2400 927 2459 canendi
951 2398 1109 2458 libidinem
1132 2398 1245 2475 signifi-

131 2516 215 2565 cent:
240 2505 493 2585 quemadmodum
513 2506 567 2565 ille
591 2504 772 2564 Callimachi
795 2505 833 2564 de
855 2505 974 2564 Hecale
997 2505 1183 2566 versiculus:

330 2602 436 2671 Ἀείόει
457 2611 509 2670 καί
527 2601 586 2670 πού
606 2632 650 2680 τις
669 2598 747 2690 ἀνὴρ
768 2597 915 2690 ὖδαγητὸς
934 2610 1043 2688 ἵμαῖον.

129 2719 179 2778 116
208 2738 267 2797 quo
295 2719 470 2796 ingeniosus
495 2717 694 2778 Callimachei
723 2719 863 2778 carminis
887 2721 1052 2800 sospitator
1077 2721 1121 2778 ita
1143 2718 1246 2780 scribit

130 2847 160 2904 p.
184 2834 233 2888 31:
268 2824 351 2883 <Fuit
373 2832 424 2882 aut
447 2825 478 2883 in
500 2824 623 2884 laudem
645 2825 774 2899 dictum,
806 2826 845 2885 ad
869 2825 1087 2884 declarandum
1107 2825 1171 2884 late
1194 2847 1245 2904 pa-

130 2941 246 2991 tentem
274 2950 407 2989 amorem
437 2931 602 2989 carminum
631 2930 820 3010 canendique
853 2931 1064 3010 cupiditatem,
1095 2932 1154 2990 hoc
1182 2933 1246 2991 fere

131 3037 236 3096 modo:
269 3047 326 3113 ego
350 3055 418 3093 mea
440 3035 513 3094 mihi
534 3057 647 3115 parva,
671 3036 726 3097 sed
749 3039 856 3097 suavia
879 3039 1012 3096 carmina
1033 3038 1131 3115 fingo,
1154 3045 1247 3118 poeta

131 3142 304 3201 modestus:
338 3148 371 3199 ut
393 3142 488 3200 omnis
511 3142 600 3200 homo
625 3144 721 3219 canit,
751 3151 785 3201 61
807 3145 899 3204 etiam
919 3145 967 3204 vir
990 3132 1138 3221 ὖδαγητός
1160 3165 1248 3204 suam

132 3249 315 3308 cantilenam
338 3249 428 3308 canit.
464 3247 529 3306 Α61
549 3249 581 3307 in
603 3248 870 3328 reprehensionem
890 3258 1155 3329 contemptumque
1177 3271 1246 3309 con-

131 3364 179 3415 tra
199 3355 300 3415 alios.'
340 3355 450 3434 Itaque
477 3357 581 3439 potuit
604 3359 735 3417 musicus
757 3365 862 3416 nostra
889 3356 943 3414 illa
964 3355 1059 3416 verba
1082 3357 1245 3437 calumnia·

130 3462 204 3536 tori,
228 3482 318 3542 quem
340 3461 488 3536 vidimus,
513 3462 646 3523 obiicere
667 3464 726 3522 hoc
745 3464 811 3522 fere
830 3481 938 3520 sensu:
968 3462 1050 3539 Quid
1074 3483 1121 3521 me
1143 3484 1246 3542 repre-

130 3567 257 3641 hendis,
282 3567 362 3648 quod
382 3569 481 3629 cano?
503 3591 603 3630 nonne
620 3569 708 3629 vides
729 3578 831 3627 omnes
851 3569 1005 3643 homines,
1028 3578 1060 3627 ut
1078 3568 1245 3628 vindemia-

131 3680 230 3745 tores,
261 3683 295 3732 nt
324 3677 537 3736 sarcinatrices
569 3675 698 3735 canendi
724 3673 890 3753 cupiditate
918 3674 1040 3734 teneri?
1070 3674 1140 3732 Non
1168 3676 1246 3733 haec

132 3776 385 3856 improbabiliter:
410 3783 465 3842 sed
486 3782 573 3854 mihi,
597 3780 727 3838 maxime
750 3778 788 3837 ob
809 3784 954 3839 incondita
975 3799 1096 3853 vocem,
1119 3783 1161 3839 ea*
1179 3801 1246 3839 sen-

132 3884 229 3943 tentia
250 3885 456 3963 praeplacuit,
481 3908 571 3966 quam
588 3906 680 3965 supra
698 3894 820 3944 secutus
839 3906 920 3959 sum,
943 3895 977 3944 ut
994 3884 1141 3944 inconditi
1158 3888 1247 3944 rusti·

134 4010 236 4050 corum
259 4000 365 4050 cantus
388 3992 528 4070 exemplo
553 3991 745 4064 ostendatur,
770 3992 809 4050 ad
830 4000 925 4050 artem
949 3991 1078 4051 canendi
1095 4012 1155 4051 non
1177 4013 1247 4071 sup-

132 4106 239 4176 petere
267 4098 319 4157 vel
344 4097 479 4156 indolem
505 4097 556 4156 vel
583 4097 755 4171 libidinem,
791 4099 849 4156 nisi
877 4097 1034 4158 meditatio
1063 4099 1193 4159 accedat
1217 4109 1247 4158 et

134 4203 277 4261 scientia:
301 4201 553 4283 quemadmodum
573 4198 696 4279 μελέτην
716 4199 767 4261 661
791 4197 956 4281 ἐπιστήμην
978 4206 1122 4265 Socrates
1142 4207 1245 4267 Plato·

133 4308 180 4366 nis
203 4310 234 4366 in
255 4309 396 4369 Phaedro
417 4319 541 4391 praeter
563 4310 697 4370 indolem
719 4311 845 4389 requirit
867 4311 907 4370 ad
926 4321 1022 4370 artem
1043 4316 1215 4374 oratoriam.
