2760 4890
557 325 815 374 CONIECTANEA.

280 487 360 559 Erpo
382 494 441 542 tum
464 486 572 541 Romae
595 502 699 540 sacrae
721 493 877 557 certaeque
897 486 1020 558 fuerunt

281 593 341 650 Res
364 605 467 648 omnes.

131 728 219 786 Alter
246 746 370 798 versus,
412 743 501 804 quern
530 724 648 782 Nonius
679 732 849 782 truncatum
872 725 1013 798 tradidit,
1052 734 1245 806 pentameter

129 834 221 892 fuerit
248 854 288 892 an
313 834 507 902 hexameter,
537 831 603 910 quis
630 839 768 910 praestet
796 831 909 892 hodie?
947 833 1002 892 sed
1031 852 1098 891 cum
1127 831 1243 903 recolo,

129 963 208 1022 quae
237 942 274 1001 de
298 939 494 1001 distichorum
516 957 573 995 usu
595 938 626 995 in
649 937 788 995 clausula
810 942 927 1013 monui,
962 950 993 999 et
1016 918 1143 998 alterum
1166 937 1246 997 illud

129 1046 302 1125 exemplum
322 1045 470 1124 respicio,
497 1041 619 1102 videtur
641 1043 713 1101 mihi
734 1052 925 1120 pentameter
946 1046 1057 1118 fuisse,
1086 1063 1176 1124 quem
1197 1043 1244 1102 lu-

129 1152 263 1212 dibunda
284 1172 375 1212 manu
397 1150 523 1229 expleas
545 1151 576 1207 in
598 1149 678 1207 hunc
700 1149 836 1208 modum:

280 1291 339 1347 Res
360 1305 472 1346 omnes:
496 1295 525 1344 at
548 1305 624 1343 nurse
645 1289 733 1358 impia
754 1290 839 1344 turba
861 1304 968 1344 remur.

213 1426 401 1502 Fragmenta
419 1423 467 1482 IV
495 1431 525 1480 et
542 1422 571 1481 V
595 1421 724 1480 diversis
752 1421 828 1480 locis
854 1442 873 1480 a
894 1423 994 1481 Nonio
1018 1421 1064 1501 (p.
1086 1431 1134 1494 49,
1159 1431 1194 1485 32
1215 1430 1247 1480 et

129 1553 159 1610 p.
179 1540 220 1603 lo,
240 1528 287 1607 Ὦ)
307 1527 419 1589 tradita
437 1528 588 1586 neminem
607 1528 686 1604 fugit
704 1528 736 1586 in
755 1547 846 1585 unam
862 1528 1043 1586 sententiam
1062 1528 1245 1590 continuari.

129 1636 166 1694 In
193 1637 294 1715 priore
324 1653 402 1714 quac
430 1631 629 1711 perhibentur
656 1639 815 1694 melodinist
842 1652 910 1692 onos
938 1638 1033 1708 lyras,
1067 1654 1104 1692 ea
1132 1653 1246 1709 graece

130 1743 244 1819 scripta
266 1738 432 1816 μελωδεῑν*
460 1729 519 1796 ἐστ’
544 1730 613 1810 ὄνος
636 1733 725 1816 λύρας
747 1740 785 1800 G.
809 1738 957 1798 Oanterus
978 1760 1048 1799 nov.
1067 1741 1137 1799 lect.
1157 1721 1191 1800 'V
1211 1750 1248 1800 22

131 1847 268 1926 (Gruteri
288 1849 395 1923 Lamp.
424 1845 475 1904 ΠΙ
500 1866 530 1923 p.
555 1846 622 1923 634)
654 1845 822 1923 integritati
851 1843 1032 1904 vindicavit:
1068 1866 1147 1926 quae
1176 1866 1247 1904 curu

131 1947 280 2008 Oehlcrus
311 1951 427 2009 calculo
454 1950 613 2029 probaret,
648 1972 686 2010 ex
712 1959 800 2031 parte
829 1971 932 2009 rursus
962 1951 1142 2030 depravavit
1170 1953 1247 2010 scri-

129 2064 262 2134 pturam,
291 2058 343 2136 qui
370 2077 492 2116 versum
517 2059 576 2115 ita:
618 2061 645 2114 si
671 2061 734 2132 quis
756 2054 898 2132 μελωδεῖν
920 2068 963 2117 est
985 2048 1055 2128 ὄνος
1078 2050 1169 2135 λύρας
1193 2078 1247 2117 ex-

128 2161 318 2241 primendum
356 2165 490 2235 curavit,
525 2182 564 2221 ne
596 2160 673 2220 illud
706 2161 828 2241 quidem
858 2163 1037 2236 attendens,
1074 2184 1133 2247 uno
1162 2163 1247 2242 pede

129 2267 266 2326 mutilum
297 2288 365 2327 esse
393 2271 554 2328 senarium.
606 2266 694 2326 Idem
723 2268 761 2326 de
791 2287 893 2326 eorum
922 2290 1063 2329 versuum
1092 2272 1249 2331 sententia

129 2374 259 2445 fallitur,
292 2396 359 2434 cum
381 2377 489 2434 referri
514 2373 619 2433 iubeat
646 2372 699 2430 ‘ad
721 2392 789 2447 eos,
821 2376 872 2452 qui
894 2375 1043 2452 neglectis
1067 2386 1098 2435 et
1119 2377 1247 2454 postha-

129 2481 199 2539 bitis
222 2481 392 2539 omnibus
415 2480 558 2539 studiis
580 2478 879 2539 liberalioribus
903 2482 958 2540 toti
980 2484 1011 2541 in
1030 2481 1121 2541 rebus
1140 2482 1247 2542 foren-

129 2584 212 2643 sibus
235 2589 444 2664 nccupentur.'
474 2586 531 2645 Cui
553 2585 749 2662 explicationi
770 2605 837 2643 cum
860 2585 938 2644 obsit
959 2589 1078 2647 nonnisi
1098 2588 1136 2648 de
1153 2599 1250 2650 cantu

130 2703 160 2750 et
194 2692 310 2751 musica
344 2691 555 2771 accipiendum
588 2687 730 2772 μελῳδεῖν
761 2691 958 2766 vocabulum,
1002 2704 1065 2754 tum
1092 2701 1248 2769 amusium,

130 2800 247 2857 etiarnsi
266 2799 363 2877 possit
384 2799 475 2856 latius
495 2806 619 2874 patente
636 2799 758 2857 notione
777 2798 815 2857 de
838 2802 947 2859 artium
967 2801 1139 2861 liberalium
1156 2803 1248 2879 igno·

128 2905 246 2963 ratione
268 2904 416 2980 intellegi,
438 2911 540 2962 tamen
561 2903 620 2962 hoc
640 2925 722 2964 nexu
742 2914 773 2963 et
794 2906 825 2963 in
844 2903 902 2963 hac
924 2907 1111 2984 potissimum
1129 2916 1249 2984 satura,

130 3011 215 3067 cuius
244 3018 289 3067 tot
310 3009 458 3088 reliquiae
486 3029 631 3088 expresse
653 3011 799 3069 musicam
825 3011 977 3083 referant,
1009 3012 1084 3071 nihil
1103 3015 1249 3092 profecto

129 3115 268 3184 adducit,
298 3115 384 3172 utin
410 3113 493 3172 illam
518 3117 617 3191 potius
648 3136 737 3195 quam
764 3117 795 3174 iu
823 3119 976 3196 propriam
1004 3120 1065 3176 vim
1094 3120 1180 3179 vocis
1207 3122 1250 3183 de

128 3223 262 3279 musicae
285 3223 358 3280 artis
380 3221 531 3299 imperitia
556 3208 799 3302 interpretemur.
826 3223 894 3281 ¹De
922 3225 1136 3302 paronomasia
1164 3247 1250 3305 quae

129 3341 176 3386 est
200 3328 232 3386 in
253 3328 299 3386 his
322 3332 440 3386 delectet
457 3359 500 3369 —-
518 3332 604 3387 lactet
630 3330 729 3408 possis
759 3350 777 3388 a
799 3327 969 3387 Ribbeckio
991 3331 1128 3389 refictum
1150 3333 1251 3393 Ennii

80 3414 85 3422 ⁵
128 3455 250 3494 versum
269 3444 347 3510 trag.
370 3444 422 3499 390
444 3436 598 3494 conferre:

235 3556 284 3612 Se't
306 3572 349 3612 me
371 3558 472 3628 Apollo
494 3557 574 3628 ipsus
597 3559 718 3612 delectat
742 3553 856 3631 [lactat]
880 3559 978 3612 ductat
998 3556 1134 3628 Delficus

152 3707 156 3715 ·
214 3674 264 3734 Ad
282 3674 469 3753 prooemium
491 3673 566 3732 nihil
584 3681 631 3732 est
646 3679 822 3752 praeterea,
848 3673 928 3751 quod
946 3673 1147 3734 confidentius
1164 3680 1251 3738 refe-

128 3790 224 3839 ratur:
256 3800 294 3838 ne
317 3779 355 3837 de
379 3788 468 3838 cantu
492 3779 629 3859 quidem,
658 3779 710 3857 qui
731 3778 806 3851 illud
830 3779 966 3856 excepit,
990 3779 1056 3858 ipso
1079 3781 1251 3861 quicquam

127 3888 250 3964 vestigii
278 3894 376 3959 extat,
409 3886 483 3945 licet
505 3906 543 3945 ex
565 3885 687 3944 indiciis
710 3885 891 3965 quibusdam
916 3885 1059 3962 colligaS,
1094 3888 1252 3951 musicum

23 4051 29 4061 ,
129 4013 251 4051 carmen
273 4013 290 4052 c
313 3991 489 4052 sublimiore
515 3993 617 4072 poesis
639 4012 753 4070 genere
775 3991 858 4051 tenui
884 4011 920 4049 ac
941 3991 1059 4070 liquida
1081 4013 1161 4054 voce
1184 4017 1253 4057 non

128 4101 193 4158 sine
215 4101 413 4158 instrumento
438 4100 596 4158 cecinisse.

214 4204 313 4264 (lautu
350 4211 475 4283 peracto
514 4214 659 4266 consueta
693 4205 841 4264 scaenicis
876 4203 1078 4263 concludendi
1112 4207 1253 4269 t'ormula

114 4315 233 4382 *soleta
255 4311 368 4392 inquit,
