2760 4890
624 1061 644 1142 Ι

161 1298 270 1378 Itaque
293 1317 391 1356 meam
405 1297 643 1357 reconcinnandi
659 1318 783 1378 operam
802 1296 839 1356 ab
856 1317 893 1356 ea
913 1307 1016 1357 satura
1035 1301 1187 1379 incipiam,

78 1404 126 1461 cui
149 1403 246 1462 Varro
269 1403 350 1461 hunc
372 1403 504 1462 indicem
527 1404 602 1462 fecit

503 1555 602 1608 ΟΝΟΣ
626 1555 760 1606 ΛΤΡΑΣ.

78 1672 170 1732 Cuius
198 1696 317 1735 omnem
343 1679 500 1738 materiam
524 1698 561 1737 ex
585 1685 649 1735 arte
671 1676 787 1734 musica
813 1674 1022 1756 depromptam
1049 1699 1117 1737 esse
1139 1699 1187 1736 re-

75 1778 188 1858 liquiae
211 1781 355 1842 indicant.
400 1785 444 1844 Ut
464 1786 516 1863 qui
538 1783 574 1841 L.
596 1781 758 1840 Mercklini
778 1779 816 1840 dc
838 1783 1071 1862 Menippearum
1093 1785 1188 1843 titulis

75 1887 224 1944 rationem
247 1885 328 1965 (nov.
344 1911 418 1949 mus.
442 1890 541 1971 eren.
557 1887 624 1946 XII
637 1907 667 1964 p.
685 1883 749 1964 372)
780 1896 934 1966 sequatur,
957 1891 1055 1968 possit
1077 1891 1121 1948 illi
1143 1891 1187 1947 in-

75 1993 231 2071 scriptioni
256 1995 336 2053 hanc
359 1997 486 2055 alteram
514 1988 581 2067 περὶ
604 1989 747 2068 μουσικῆς
774 1992 806 2049 in
834 1996 1017 2054 consortium
1044 1996 1188 2061 adiicere.

76 2097 241 2158 Ochlerum
265 2102 344 2160 enim
367 2102 468 2180 opinio
490 2100 619 2173 fefellit,
643 2093 716 2156 cum'
733 2105 764 2156 et
786 2097 879 2157 indici
901 2109 931 2159 et
953 2104 1090 2183 reliquiis
1114 2125 1187 2163 non-

74 2205 165 2264 nullis
195 2206 285 2264 latius
312 2215 468 2287 patentem
498 2205 749 2283 significationem
777 2204 928 2264 vindicat:
962 2208 1062 2287 quode
1089 2208 1188 2268 dicam

74 2313 163 2371 infra.
210 2312 378 2389 Cavillatur
406 2320 507 2370 autem
533 2312 631 2371 Varro
651 2330 718 2369 eam
739 2310 893 2369 hominum
916 2315 1084 2387 nationem,
1109 2334 1187 2393 quae

74 2419 184 2495 spretis
212 2418 293 2477 illius
323 2419 395 2477 artis
420 2417 631 2476 delenimentis
657 2417 688 2475 in
710 2415 883 2476 forensibus
906 2417 995 2478 rebus
1021 2421 1072 2480 vel
1094 2441 1187 2479 vena·

73 2522 205 2582 tionibus
228 2524 278 2583 vel
301 2524 368 2582 aliis
390 2521 422 2580 id
444 2542 540 2599 genus
562 2520 811 2602 occupationibus
834 2524 928 2583 vitam
952 2523 1044 2604 degit.
1080 2527 1118 2585 In
1131 2527 1187 2586 hos

74 2631 152 2688 enim
173 2630 278 2688 valere
301 2627 376 2687 illud
396 2627 507 2698 voluit,
532 2626 613 2708 quod
636 2629 679 2685 ait
703 2618 772 2699 ὅνος
795 2621 893 2704 λύρας.
939 2630 1039 2708 Quam
1061 2648 1185 2708 prover-

72 2735 184 2809 bialem
205 2736 403 2805 locutionem,
427 2732 515 2791 modo
535 2733 596 2790 hac
613 2731 700 2790 brevi
720 2733 808 2791 modo
830 2736 968 2812 pleniore
990 2737 1087 2794 forma
1101 2735 1187 2794 velut

71 2832 139 2912 ὅνος
157 2833 247 2920 λύρας
270 2829 391 2897 duorlar
405 2837 456 2897 vel
471 2827 539 2907 ὄνος
556 2827 647 2914 λύρας
662 2825 783 2896 duorlar
802 2843 883 2897 κινεῖ
900 2830 935 2898 τύ
958 2832 1030 2915 circ,
1050 2849 1080 2900 et
1099 2841 1187 2900 aliter

72 2949 173 3008 afferri
196 2949 332 3020 solitam,
364 2940 412 3002 ἐπὶ
435 2943 495 3001 τῶν
517 2933 711 3018 ἀναισθήτων
732 2939 782 3001 καὶ
805 2936 943 3020 οἷμούσαν
967 2949 1032 3007 sive
1055 2942 1103 3006 tat
1127 2945 1187 3004 τῶν

70 3041 260 3112 ἀπαιδεύτων
289 3073 358 3112 esse
381 3049 646 3130 paroemiographi
675 3048 821 3109 scribunt.
866 3052 937 3112 Vid.
962 3052 1187 3113 Schneidewini

73 3171 104 3220 et
126 3161 285 3220 Leutschii
309 3159 443 3238 corporis
467 3156 524 3216 vol.
548 3155 564 3213 I
584 3175 614 3233 p.
632 3162 683 3217 291
705 3142 753 3232 sq.⁵
773 3155 832 3214 vol.
850 3157 884 3215 II
899 3179 930 3236 p.
946 3171 999 3225 563
1019 3162 1058 3221 al.

156 3267 377 3344 Argumentum
394 3266 492 3325 Varro
509 3260 653 3340 bipertito
670 3260 822 3324 distribuit
842 3267 899 3340 ita,
923 3277 956 3326 ut
978 3276 1065 3347 parte
1084 3268 1186 3346 priore

71 3373 218 3431 musicum
234 3371 387 3450 quendam
407 3371 549 3442 inducat,
574 3376 665 3426 cantu
689 3370 842 3432 auditores
858 3373 1070 3447 oblectantem,
1089 3372 1186 3430 altera

70 3497 127 3556 per
148 3476 352 3537 diverbiorum
382 3478 615 3537 alternationem
637 3477 784 3535 musicum
812 3479 891 3537 inter
914 3487 945 3538 et
966 3469 1099 3554 ύμονσον
1121 3477 1184 3533 eius

71 3584 144 3642 artis
162 3592 302 3642 naturam
324 3592 354 3641 ct
376 3583 546 3642 efficaciam
567 3580 708 3640 illustret.
754 3584 837 3660 Ergo
860 3605 946 3643 suam
968 3583 1100 3642 musicus
1121 3575 1184 3638 ἐπί-

71 3688 162 3762 δειξιν
185 3691 394 3749 scaenicorum
422 3694 581 3767 poe'tarum
606 3686 745 3766 exemplo
774 3709 792 3746 a
815 3691 970 3770 prooemio
999 3690 1183 3768 auspicatur,

69 3796 100 3853 in
126 3815 186 3875 quo
217 3804 362 3854 consueto
389 3795 582 3873 prologorum
609 3815 693 3853 more
730 3802 761 3852 ct
795 3797 862 3876 quis
890 3798 957 3876 ipsc
983 3798 1022 3855 sit
1051 3793 1184 3876 quidque

69 3903 178 3962 afferat
205 3904 368 3983 expromit,
398 3912 428 3962 et
455 3903 553 3982 siqui
581 3901 618 3961 ab
646 3904 710 3961 eins
734 3904 806 3962 artis
836 3901 1065 3962 oblectamentis
1093 3898 1185 3957 alicni

70 4010 146 4082 sint,
171 4028 223 4067 eos
240 4029 278 4068 ex
294 4009 465 4069 auditorum
480 4030 593 4070 corona
609 4005 753 4070 excludit.
798 4008 909 4089 Itaque
926 4009 996 4066 olim
1017 4026 1078 4064 non
1092 4005 1184 4080 longe

68 4135 87 4172 a
115 4115 219 4173 limine
244 4123 365 4174 saturae
387 4133 445 4173 nec
474 4116 542 4194 ipsa
567 4118 684 4194 magnis
707 4117 786 4174 inter
814 4134 848 4174 se
870 4112 1040 4172 intervallis
1064 4118 1185 4169 secreta

69 4222 165 4295 haec,
190 4242 269 4301 quae
292 4224 373 4282 infra
395 4223 499 4301 posui,
530 4223 702 4298 fragmenta
725 4220 828 4280 sedem
848 4217 1034 4276 habuerunt:

930 4319 942 4376 1
955 4316 970 4354 s
