2760 4890
523 317 781 366 coumcrsrns.
1150 306 1203 368 191

97 477 206 536 deatur
226 498 294 537 esse
316 485 450 537 saturam
468 477 547 537 inter
568 484 599 536 et
619 474 827 554 logistoricum
844 474 984 550 arbitror,
1006 483 1040 536 ut
1056 477 1114 536 hoc
1131 498 1211 538 novo

96 591 275 661 argumento
306 566 410 665 paullo
440 583 552 643 certius
581 582 618 643 de
646 580 747 642 Furiis
776 582 890 659 agitato
917 581 1029 643 Oreste
1050 585 1210 645 iudicetur.

94 692 162 750 Nec
188 692 389 754 Ritschelium
410 693 509 773 ipsum
530 698 603 769 puto
627 689 898 763 contradicturum,
927 691 980 771 qui
999 713 1067 752 cum
1087 694 1159 753 olim
1180 696 1212 754 in

95 799 158 861 ind.
180 801 252 860 lect.
271 801 368 859 Bonn.
391 797 453 858 hib.
474 806 617 861 rasa-46
639 797 883 875 logistoricorum
910 798 1061 870 indicibus
1091 803 1212 861 nonnisi

96 906 277 984 cognomina
298 906 437 965 Romana
456 906 675 977 concessisset,
697 913 807 984 postea
827 907 859 963 in
881 927 960 966 novo
983 927 1089 966 museo
1111 895 1209 966 Rhen.

95 1014 141 1072 VI
164 1034 193 1092 p.
211 1021 263 1076 552
293 1033 354 1071 non
377 1021 440 1071 tam
467 1013 540 1072 artis
561 1012 673 1071 finibus
696 1031 808 1076 eorum¹
821 1012 976 1073 titulorum
998 1013 1130 1073 rationes
1154 1014 1210 1071 cir·

96 1120 297 1199 cumscripsit,
319 1128 352 1178 ut
374 1140 435 1178 non
452 1121 543 1179 etiam
558 1119 693 1199 mythico
707 1121 830 1178 nomina
845 1120 1026 1200 reciperent.
1054 1120 1103 1180 Of.
1120 1121 1212 1179 etiam

95 1245 175 1304 quae
203 1227 391 1286 Mercklinus
421 1226 459 1286 de
488 1228 596 1287 eadem
619 1227 799 1307 quaestione
821 1227 943 1305 scripsit
962 1228 994 1285 in
1018 1225 1125 1286 eodem
1148 1244 1210 1282 mu·

95 1350 148 1390 seo
171 1333 238 1392 XII
261 1342 313 1397 393
332 1354 393 1413 sq.,
426 1338 510 1394 cuius
534 1332 784 1406 lamentationi,
815 1353 868 1391 cur
888 1353 980 1410 aegre
1004 1354 1072 1393 cum
1091 1332 1212 1392 insania
1320 1404 1324 1409 μ

96 1437 239 1517 coniungi
258 1439 388 1499 Romani
409 1441 536 1502 alicuius
548 1461 670 1501 nomen
687 1441 829 1524 potuerit,
855 1439 996 1518 equidem
1005 1461 1071 1515 pon
1085 1447 1212 1511 tantum,

96 1552 243 1623 quantum
275 1545 342 1624 ipse
376 1547 487 1623 voluit,
524 1548 722 1609 attribuerim.
778 1546 839 1605 Illa
865 1565 939 1606 vero
966 1554 1122 1602 Euaarmou
1145 1562 1213 1600 cum

97 1648 210 1710 Oreste
238 1650 413 1728 logistorico
438 1641 615 1736 compositio
639 1656 711 1717 inde
732 1653 871 1714 nonnihil
893 1651 1040 1732 praesidii
1062 1649 1211 1709 nancisci·

95 1762 155 1846 tu'r,
178 1755 260 1836 quod
281 1758 410 1818 aliarum
433 1781 553 1844 quoque
575 1773 755 1836 saturarum,
779 1762 805 1821 si
827 1781 888 1820 non
908 1765 1097 1837 argumenta,
1124 1762 1155 1814 at
1175 1754 1212 1812 ti-

94 1861 152 1919 tuli
174 1861 298 1943 quidem
321 1885 388 1924 cum
409 1867 591 1945 logistoricis
607 1871 734 1930 mirifice
751 1868 935 1947 conspirant.
971 1865 1032 1937 Sic,
1056 1860 1138 1942 quod
1151 1880 1213 1919 non

94 1966 175 2045 fu'gil
196 1969 398 2030 Merckliffllm
419 1972 440 2032 l·
461 1995 488 2035 θ.
508 1998 537 2055 p.
560 1987 621 2049 395,
640 1975 843 2054 logistoricus,
867 1993 958 2054 quem
976 1969 1097 2032 Probus
1118 1973 1211 2027 testa·

94 2082 145 2133 tur
167 2074 200 2134 in
217 2076 314 2154 ‘Verg.
335 2079 442 2141 Bucol.
465 2084 511 2144 VI
533 2093 565 2146 31
588 2104 618 2163 p.
641 2093 674 2146 19
694 2081 793 2153 Keil,
834 2083 945 2140 Tubero
973 2083 1008 2138 de
1029 2081 1138 2151 criptae
1159 2078 1212 2132 ku·

93 2202 184 2243 mana
207 2186 345 2261 congmit
360 2185 424 2245 fere
445 2208 512 2248 cum
531 2198 643 2263 satura,
662 2210 753 2271 quam
772 2198 874 2247 tamen
889 2195 1023 2246 saturam
1039 2201 1107 2241 esse
1123 2200 1211 2239 nemo

95 2297 226 2349 testatus
250 2300 311 2364 est,
339 2299 497 2352 Asorreurrs
516 2303 587 2354 Ham
606 2300 762 2356 Ανθνωπων
785 2301 908 2350 Φνονωσ.
945 2290 1037 2350 Addo
1061 2285 1212 2365 logistori-

96 2415 166 2454 cum
189 2393 357 2474 (Macrobio
379 2411 507 2462 auctore
529 2403 592 2463 Sat.
615 2404 666 2462 ΙΙΙ
691 2401 734 2480 14)
764 2404 879 2460 Marius
900 2403 935 2458 de
960 2399 1083 2472 fortuna
1108 2393 1211 2452 confe-

95 2502 225 2562 rendum
250 2524 318 2564 cum
345 2517 448 2568 satura
471 2517 531 2567 Exn
549 2517 589 2566 Σε
607 2517 678 2567 Πενι
697 2517 796 2567 Trxsc.
834 2511 930 2568 Porro
951 2505 1024 2564 licet
1045 2522 1107 2561 non
1127 2500 1212 2578 igno·
1268 2532 1272 2539 ·

94 2628 161 2669 rem
193 2609 267 2690 quid
298 2613 418 2674 intersit
451 2618 530 2677 inter
559 2616 641 2676 θεῶν
669 2604 840 2695 ἀνάγνωσιν
877 2621 908 2672 et
936 2611 1048 2670 cultum
1078 2608 1211 2680 deorum,

94 2715 181 2774 iuxta
202 2736 282 2796 pono
297 2730 431 2782 saturam
445 2731 591 2783 Psarocnos
611 2721 711 2781 aroino
730 2730 801 2779 Ham
821 2724 901 2777 Θεων
923 2725 1103 2774 sustineren
1123 2723 1153 2775 et
1169 2715 1212 2772 lo·
1275 2785 1280 2793 .

94 2819 287 2898 gistoricum,
315 2827 368 2906 qui
389 2829 500 2890 citatur
529 2833 615 2891 Cario
637 2836 671 2889 dc
691 2834 771 2890 cultu
788 2834 915 2888 deorum.
960 2825 1108 2905 Denique'
1124 2822 1213 2882 modo

95 2927 209 2987 certior
229 2928 269 2987 sit
289 2931 451 2996 Ritschelii
473 2937 647 3018 coniectura
670 2935 722 3015 (de
746 2935 976 3014 disciplinarum
996 2933 1082 2992 libris
1101 2953 1131 3011 p.
1157 2920 1237 3009 rt),‘

95 3053 278 3116 quaequam
289 3038 407 3102 incerta
423 3053 506 3103 esset
520 3044 586 3123 ipse
599 3042 790 3120 significavit,
808 3047 952 3098 Harrnaor
966 3040 1075 3099 librum
1085 3041 1213 3119 primum

41 3227 44 3231 ι
95 3139 194 3201 fuisse
214 3146 285 3201 IIarr
303 3153 433 3219 lemene,
452 3148 708 3230 quemadmodum
727 3148 856 3208 alterum
876 3145 1013 3206 eiusdem
1036 3154 1158 3205 saturae
1177 3144 1213 3203 li-

96 3247 185 3309 brum
206 3242 323 3311 Nonius
352 3261 397 3313 ter
419 3260 488 3312 IIrrr
509 3262 679 3329 &saccoque
703 3255 825 3327 citavit,
854 3256 913 3313 huc
942 3252 1052 3312 referri
1077 3251 1174 3331 possit
1197 3266 1213 3309 e

95 3355 281 3434 logistoricis
310 3361 432 3420 Sisenna
460 3368 504 3422 oct
530 3369 566 3424 de
595 3368 724 3424 historia⁴
770 3362 833 3423 Sed
852 3362 1007 3420 sufficiunt
1032 3360 1150 3439 priora,
1180 3367 1214 3417 ut

97 3464 191 3524 ctiam
218 3485 256 3524 ex
283 3465 343 3525 hac
363 3478 450 3547 parte
472 3490 533 3529 non
555 3470 797 3551 improbabiliter
818 3467 926 3528 videar
948 3487 1016 3527 curn
1039 3475 1214 3524 Erussmmus

97 3571 305 3650 composuisse
327 3575 455 3632 Orestem
476 3579 512 3634 de
535 3582 658 3636 insania.
704 3577 792 3656 Quae
814 3576 937 3657 quidem
957 3582 1118 3653 augeretur
1138 3594 1212 3632 non-

95 3677 174 3737 nihil
198 3677 414 3758 probabilitas,
444 3681 471 3739 si
500 3682 609 3744 liceret
636 3685 838 3745 Eumenidum
865 3681 979 3743 nomini
1000 3681 1114 3742 addere
1138 3680 1213 3741 alte·

95 3804 178 3858 ram,
213 3804 274 3865 qua
304 3795 513 3863 argumentum
541 3794 655 3868 graece
683 3795 853 3865 efferretur,
891 3787 1119 3868 inscriptionem
1146 3785 1215 3863 περὶ

95 3889 214 3967 μανίας.
257 3893 294 3952 In
319 3913 379 3972 qua
405 3914 438 3953 re
465 3916 527 3954 non
556 3896 675 3973 dubito,
704 3900 777 3980 quin
805 3907 965 3978 patronum
992 3905 1136 3954 nacturus
1158 3897 1215 3955 sim

96 3997 317 4060 Meroklinum:
349 4000 405 4060 aed
427 4005 556 4080 primum
575 4004 791 4084 impedimento
816 4024 885 4065 esse
905 4004 1027 4063 videtur
1052 4004 1214 4063 Ritschelii

99 4105 235 4185 opinatio
258 4105 302 4186 (in
323 4129 402 4169 novo
423 4129 528 4169 museo
548 4110 857 4192 Rhen.XI1p.1sn)
881 4110 920 4171 dc
935 4111 1213 4186 prendat-rascatio

97 4233 179 4292 quae
202 4233 299 4293 nuper
319 4215 506 4294 prodierunt,
530 4217 676 4277 Varronis
696 4217 825 4296 prolata.
861 4217 984 4277 Etenim
1007 4235 1066 4296 quo
1087 4212 1214 4273 viriliter

97 4340 223 4400 prorsus
247 4321 415 4408 singularev
428 4343 538 4383 nomon
557 4323 739 4397 illustraret,
769 4342 807 4383 ex
830 4330 998 4383 saturarum
1021 4342 1099 4403 quae
1122 4321 1214 4397 vulgo
