2760 4890
592 329 848 377 conmortuus.

295 540 304 572 Ι
635 520 673 530 -
699 492 770 546 azius

312 596 446 651 caballum
468 597 577 652 arboris
599 616 678 653 ramo
699 599 728 652 in
749 597 845 652 braernib'
863 598 1003 670 alligatum

311 703 451 773 relinquit,
473 702 570 775 ferens
591 704 718 776 ferreum
740 702 853 758 bomrro
876 703 1018 775 bipennem

311 810 439 917 regrina.

162 944 250 1022 Quae
271 943 332 1001 alia
355 941 397 1000 ibi
417 941 557 1019 Scaliger
576 962 615 1000 ex
631 941 699 1000 aliis
716 941 808 1000 Nonii
825 941 901 1000 locis
918 943 1098 1021 agglutinat,
1117 963 1156 1002 ex
1171 943 1283 1003 eadem

162 1050 366 1128 descriptione
399 1067 467 1138 esso
501 1047 592 1107 facile
622 1048 749 1128 largior,
790 1069 826 1107 ac
852 1047 945 1106 video
980 1070 1136 1109 numerum
1169 1052 1284 1128 partim

161 1160 272 1230 inesse,
293 1157 403 1236 partim
420 1153 594 1214 coniectura
615 1157 734 1215 restitui
756 1175 847 1234 posse
872 1174 953 1228 enm,
977 1175 1037 1234 quo
1058 1157 1112 1215 illa
1135 1157 1284 1218 distincta

164 1265 303 1335 exhibui,
327 1262 539 1322 bacchiaeum:
553 1262 712 1342 ‘quomodo
735 1264 815 1322 inter
835 1281 868 1320 se
892 1261 1013 1338 singula
1035 1273 1198 1324 nectantur
1220 1287 1284 1325 non

163 1371 266 1432 video.
311 1367 474 1428 Probabile
494 1360 596 1427 autern
617 1377 662 1427 est
681 1369 759 1427 haec
780 1368 880 1428 omnia
906 1369 965 1428 alio
995 1392 1084 1451 quam
1107 1369 1190 1451 apud
1208 1373 1285 1449 Spa-

162 1477 292 1553 ligerum
323 1476 436 1553 scripta
464 1475 558 1534 fuisse
587 1474 707 1534 ordine:
735 1476 821 1534 initio
850 1474 1065 1554 descriptionis
1095 1478 1165 1550 illa,
1203 1499 1286 1558 quae

165 1582 309 1663 apposui,
333 1601 371 1640 ea
388 1601 478 1653 vero,
498 1600 577 1660 quae
597 1581 736 1658 Scaliger
752 1581 837 1640 initio
853 1584 956 1661 ponit,
980 1585 1108 1643 Caeditur
1126 1587 1204 1642 turso
1224 1592 1286 1642 etc.

164 1694 317 1768 postrema
346 1686 450 1746 fuisse.
495 1686 584 1745 Prius
604 1685 856 1747 describebantur
886 1689 1088 1749 involantium
1115 1690 1287 1749 in·silvam

166 1797 311 1872 impetus,
340 1786 476 1866 habitus,
507 1794 720 1866 instrumenta,
750 1804 813 1854 tum
836 1796 947 1856 cadere
970 1798 1095 1857 arbores
1122 1796 1285 1874 singulas?

166 1904 254 1961 Haec
281 1902 333 1960 illc
355 1900 521 1973 subtiliter,
547 1900 595 1958 cui
612 1898 650 1957 de
671 1899 777 1960 ordine
799 1900 1034 1980 fragmentorum
1055 1923 1144 1964 nemo
1166 1912 1288 1962 coutra-

167 2009 258 2067 dieat.
304 2006 507 2066 Baeelriacum
528 2013 630 2064 autem
647 2025 804 2066 numerum
822 2029 889 2068 eum
908 2011 939 2069 in
955 2011 1083 2091 reliquis
1100 2028 1287 2087 recuperare

167 2115 321 2189 studeam,
360 2122 390 2173 et
426 2112 624 2173 difficultates
653 2112 776 2172 obstant
803 2115 941 2195 incepto,
979 2124 1010 2175 et
1036 2117 1149 2176 retinet
1178 2117 1287 2175 inven-

167 2229 229 2279 tum
253 2221 415 2292 Meinclrii,
439 2223 492 2300 qui
515 2223 546 2279 in
570 2220 775 2302 unoillorurn
798 2222 1052 2300 fragmentorum,
1072 2225 1197 2302 ignarus
1221 2243 1288 2284 sus·

167 2328 290 2406 pitionis
322 2328 519 2402 Naekianao,
557 2336 747 2406 quamtum
780 2350 870 2388 nosse
898 2350 958 2389 non
984 2331 1108 2410 potuit,
1132 2330 1288 2407 creticum,

167 2457 227 2494 nou
248 2435 446 2494 bacchiaeum
467 2454 623 2494 numerum
646 2435 793 2494 restituitz

268 2578 285 2632 6
318 2559 387 2628 'Alta
410 2571 487 2627 trabs
505 2571 604 2643 prbnis
625 2575 653 2627 iu
675 2574 786 2630 humum
810 2575 939 2632 decidens
955 2575 1107 2647 prboeimec

320 2677 441 2749 Frdnpit
460 2677 554 2732 romeis
575 2679 686 2736 eadenr.

169 2813 299 2874 Dubitat
320 2810 432 2870 ibidem
461 2811 634 2873 Meinekius
663 2813 701 2871 de
727 2817 831 2872 cudens
860 2813 1003 2874 vocabuli
1029 2813 1224 2891 integritate:
1259 2815 1291 2872 in

169 2942 228 2999 qno
251 2939 386 2978 seorsum
413 2916 450 2977 ab
475 2919 597 2996 egregio
626 2920 690 2978 viro
710 2921 818 2979 sentio.
864 2922 921 2980 Est
948 2921 1027 2980 enim
1051 2919 1173 2979 diversa
1193 2921 1288 2997 parti·

171 3027 316 3106 cipiorum
339 3029 468 3084 accidens
490 3031 518 3083 iu
539 3029 651 3085 burrum
679 3034 710 3085 et
730 3031 834 3086 cudens
855 3029 946 3102 ratio,
973 3047 1100 3108 qnorum
1120 3025 1198 3084 illud
1221 3045 1290 3084 curn

171 3136 247 3192 trube
276 3133 369 3191 artius
398 3133 541 3210 coniungi
571 3142 704 3212 oportet,
735 3135 792 3194 hoc
816 3136 884 3215 ipsa
915 3132 1077 3212 frangendi
1100 3131 1180 3191 actio
1204 3132 1288 3192 illus·

169 3251 274 3302 tratur.
321 3240 411 3301 Omni
432 3249 533 3300 autem
554 3243 725 3302 sententiae
748 3242 895 3301 Varronis
925 3242 1065 3301 conferas
1086 3237 1202 3335 Catulli
1222 3258 1291 3298 ver·

72 3370 82 3389 ·
171 3372 235 3412 sum
258 3349 365 3410 LXIV
388 3357 439 3412 109

644 3457 691 3511 illu
709 3456 814 3529 procul
833 3455 966 3511 radicitus
987 3453 1137 3510 exturbata

323 3567 418 3622 Prono
436 3565 523 3634 cedit,
543 3564 598 3642 late
618 3581 673 3636 quc
696 3569 736 3619 ert
755 3565 886 3636 inuretur,
910 3560 987 3618 obuia
1006 3558 1154 3632 [renuens

171 3701 281 3781 ltaque
303 3697 468 3759 videndum
492 3716 588 3770 nunc,
610 3687 682 3754 nuru
705 3704 808 3756 cetera
831 3715 951 3777 quoque
972 3693 1142 3772 fragmenta
1160 3691 1293 3752 eundem

174 3810 318 3868 creticum
339 3825 496 3866 numerum
519 3804 612 3864 facile
634 3805 791 3883 recipiant.
836 3805 916 3862 Nam
939 3803 1011 3862 licet
1032 3820 1091 3859 non
1112 3799 1293 3887 infrequens

172 3915 211 3974 sit
232 3914 463 3972 bacclriaeoruur
487 3912 727 3990 ereticorumque
748 3912 951 3984 continuatio,
974 3918 1075 3980 tamen
1097 3905 1129 3963 in
1150 3904 1199 3963 his
1222 3906 1294 3964 reli·

124 4039 127 4044 ·
174 4021 253 4100 quiis
276 4020 344 4098 ipsa
365 4018 517 4097 parilitate
538 4037 678 4076 versuum
702 4017 902 4078 restitutionis
920 4012 1119 4094 probabilitas
1135 4031 1196 4068 non
1216 4011 1294 4070 nihil

174 4127 282 4204 angeri
302 4124 433 4185 videtur.
478 4125 581 4203 Atque
602 4125 643 4197 hi,
667 4144 743 4204 quos
759 4125 839 4184 infra
854 4123 970 4203 scripsi,
990 4129 1022 4181 et
1039 4125 1136 4192 recte,
1156 4129 1191 4177 ut
1211 4128 1293 4197 puto,

173 4231 356 4312 procedunt,
377 4239 408 4290 et
424 4231 516 4306 ultro,
538 4251 599 4290 non
620 4228 719 4290 coacti
741 4226 915 4306 ereliquiis
933 4233 1130 4285 emerserunt.
1154 4221 1294 4285 Scribam

177 4349 278 4400 autern
300 4359 336 4399 eo
360 4337 479 4413 ordine,
502 4359 562 4419 quo
584 4359 617 4398 se
640 4336 761 4415 singula
781 4334 852 4395 olim
869 4334 1030 4415 excepisse
1049 4332 1208 4412 probabile
1232 4340 1293 4393 est:
