<?xml version="1.0" encoding="UTF-8"?>
<!DOCTYPE html PUBLIC "-//W3C//DTD XHTML 1.0 Transitional//EN"
    "http://www.w3.org/TR/xhtml1/DTD/xhtml1-transitional.dtd">
<html xmlns="http://www.w3.org/1999/xhtml" xml:lang="en" lang="en">
 <head>
  <title>
</title>
<meta http-equiv="Content-Type" content="text/html;charset=utf-8" />
  <meta name='ocr-system' content='tesseract 3.04.00' />
  <meta name='ocr-capabilities' content='ocr_page ocr_carea ocr_par ocr_line ocrx_word'/>
</head>
<body>
  <div class='ocr_page' id='page_1' title='image "./ioannisvahlenii00vahlgoog_0121.png"; bbox 0 0 2760 4890; ppageno 0'>
   <div class='ocr_carea' id='block_1_1' title="bbox 210 335 894 398">
    <p class='ocr_par' dir='ltr' id='par_1_1' title="bbox 210 335 894 398">
     <span class='ocr_line' id='line_1_1' title="bbox 210 335 894 398; baseline -0.007 -1"><span class='ocrx_word' id='word_1_1' title='bbox 210 335 268 398; x_wconf 90' lang='lat'>108</span> <span class='ocrx_word' id='word_1_2' title='bbox 638 347 894 394; x_wconf 75' lang='lat' dir='ltr'>couiaoiuuas.</span> 
     </span>
    </p>
   </div>
   <div class='ocr_carea' id='block_1_2' title="bbox 206 503 1326 1217">
    <p class='ocr_par' dir='ltr' id='par_1_2' title="bbox 206 503 1326 1217">
     <span class='ocr_line' id='line_1_2' title="bbox 208 503 1323 586; baseline -0.008 -19"><span class='ocrx_word' id='word_1_3' title='bbox 208 508 245 567; x_wconf 89' lang='lat' dir='ltr'>de</span> <span class='ocrx_word' id='word_1_4' title='bbox 267 507 386 586; x_wconf 91' lang='lat' dir='ltr'>legibus</span> <span class='ocrx_word' id='word_1_5' title='bbox 408 507 441 564; x_wconf 92' lang='lat' dir='ltr'>II</span> <span class='ocrx_word' id='word_1_6' title='bbox 466 515 506 578; x_wconf 68' lang='lat'>12,</span> <span class='ocrx_word' id='word_1_7' title='bbox 523 517 555 568; x_wconf 79' lang='lat'>31</span> <span class='ocrx_word' id='word_1_8' title='bbox 580 507 610 564; x_wconf 90' lang='lat' dir='ltr'>in</span> <span class='ocrx_word' id='word_1_9' title='bbox 634 504 789 564; x_wconf 79' lang='lat' dir='ltr'><strong>codicibus</strong></span> <span class='ocrx_word' id='word_1_10' title='bbox 813 503 963 576; x_wconf 81' lang='lat' dir='ltr'>scribitur,</span> <span class='ocrx_word' id='word_1_11' title='bbox 985 506 1057 561; x_wconf 75' lang='lat' dir='ltr'>nitu</span> <span class='ocrx_word' id='word_1_12' title='bbox 1077 507 1160 572; x_wconf 82' lang='lat' dir='ltr'>domi,</span> <span class='ocrx_word' id='word_1_13' title='bbox 1185 504 1259 559; x_wconf 77' lang='lat' dir='ltr'>nitu</span> <span class='ocrx_word' id='word_1_14' title='bbox 1275 503 1323 576; x_wconf 81' lang='lat' dir='ltr'>so-</span> 
     </span>
     <span class='ocr_line' id='line_1_3' title="bbox 207 610 1323 693; baseline -0.006 -21"><span class='ocrx_word' id='word_1_15' title='bbox 207 619 301 673; x_wconf 82' lang='lat' dir='ltr'>milr&#39;ae</span> <span class='ocrx_word' id='word_1_16' title='bbox 328 636 380 693; x_wconf 93' lang='lat' dir='ltr'>pro</span> <span class='ocrx_word' id='word_1_17' title='bbox 407 616 478 671; x_wconf 76' lang='lat' dir='ltr'>nihil</span> <span class='ocrx_word' id='word_1_18' title='bbox 505 616 630 671; x_wconf 79' lang='lat' dir='ltr'>militiae.</span> <span class='ocrx_word' id='word_1_19' title='bbox 674 611 737 670; x_wconf 82' lang='lat' dir='ltr'>Sed</span> <span class='ocrx_word' id='word_1_20' title='bbox 764 612 823 690; x_wconf 84' lang='lat' dir='ltr'>ipsi</span> <span class='ocrx_word' id='word_1_21' title='bbox 848 610 1028 688; x_wconf 77' lang='lat' dir='ltr'>praeplacet</span> <span class='ocrx_word' id='word_1_22' title='bbox 1055 628 1143 667; x_wconf 86' lang='lat' dir='ltr'>suum</span> <span class='ocrx_word' id='word_1_23' title='bbox 1164 610 1323 667; x_wconf 87' lang='lat' dir='ltr'>inventum</span> 
     </span>
     <span class='ocr_line' id='line_1_4' title="bbox 207 714 1326 799; baseline -0.006 -21"><span class='ocrx_word' id='word_1_24' title='bbox 207 725 281 779; x_wconf 80' lang='lat' dir='ltr'>milis</span> <span class='ocrx_word' id='word_1_25' title='bbox 303 739 346 789; x_wconf 85' lang='lat' dir='ltr'>oc,</span> <span class='ocrx_word' id='word_1_26' title='bbox 370 720 451 799; x_wconf 91' lang='lat' dir='ltr'>quod</span> <span class='ocrx_word' id='word_1_27' title='bbox 473 740 530 780; x_wconf 93' lang='lat' dir='ltr'>nec</span> <span class='ocrx_word' id='word_1_28' title='bbox 551 720 649 779; x_wconf 88' lang='lat' dir='ltr'>lenius</span> <span class='ocrx_word' id='word_1_29' title='bbox 673 738 741 776; x_wconf 90' lang='lat' dir='ltr'>esse</span> <span class='ocrx_word' id='word_1_30' title='bbox 759 737 816 776; x_wconf 91' lang='lat' dir='ltr'>nec</span> <span class='ocrx_word' id='word_1_31' title='bbox 836 735 1002 792; x_wconf 82' lang='lat' dir='ltr'>congruere</span> <span class='ocrx_word' id='word_1_32' title='bbox 1024 714 1170 794; x_wconf 85' lang='lat' dir='ltr'>proximis</span> <span class='ocrx_word' id='word_1_33' title='bbox 1188 718 1326 773; x_wconf 83' lang='lat' dir='ltr'>subactus</span> 
     </span>
     <span class='ocr_line' id='line_1_5' title="bbox 207 821 1324 902; baseline -0.004 -18"><span class='ocrx_word' id='word_1_34' title='bbox 207 831 314 900; x_wconf 81' lang='lat' dir='ltr'>aliquot</span> <span class='ocrx_word' id='word_1_35' title='bbox 341 831 426 884; x_wconf 83' lang='lat' dir='ltr'>aunis</span> <span class='ocrx_word' id='word_1_36' title='bbox 450 825 595 885; x_wconf 88' lang='lat' dir='ltr'>concedo.</span> <span class='ocrx_word' id='word_1_37' title='bbox 638 823 766 884; x_wconf 88' lang='lat' dir='ltr'>Numeri</span> <span class='ocrx_word' id='word_1_38' title='bbox 790 823 887 902; x_wconf 88' lang='lat' dir='ltr'>aperti</span> <span class='ocrx_word' id='word_1_39' title='bbox 910 830 980 881; x_wconf 86' lang='lat' dir='ltr'>sunt</span> <span class='ocrx_word' id='word_1_40' title='bbox 999 841 1057 880; x_wconf 87' lang='lat' dir='ltr'>nec</span> <span class='ocrx_word' id='word_1_41' title='bbox 1078 821 1223 899; x_wconf 83' lang='lat' dir='ltr'>fugerunt</span> <span class='ocrx_word' id='word_1_42' title='bbox 1244 821 1324 880; x_wconf 86' lang='lat' dir='ltr'>Roe·</span> 
     </span>
     <span class='ocr_line' id='line_1_6' title="bbox 206 955 329 1014; baseline -0.016 -20"><span class='ocrx_word' id='word_1_43' title='bbox 206 955 329 1014; x_wconf 91' lang='lat' dir='ltr'>perum:</span> 
     </span>
     <span class='ocr_line' id='line_1_7' title="bbox 918 1037 1072 1110; baseline -0.019 -16"><span class='ocrx_word' id='word_1_44' title='bbox 918 1037 1072 1110; x_wconf 70' lang='lat' dir='ltr'>antequam</span> 
     </span>
     <span class='ocr_line' id='line_1_8' title="bbox 360 1144 952 1217; baseline -0.007 -15"><span class='ocrx_word' id='word_1_45' title='bbox 360 1144 464 1204; x_wconf 81' lang='lat' dir='ltr'>Militia</span> <span class='ocrx_word' id='word_1_46' title='bbox 485 1146 622 1204; x_wconf 76' lang='lat' dir='ltr'>sobrietas</span> <span class='ocrx_word' id='word_1_47' title='bbox 643 1147 751 1217; x_wconf 81' lang='lat' dir='ltr'>aliquot</span> <span class='ocrx_word' id='word_1_48' title='bbox 773 1144 858 1201; x_wconf 74' lang='lat' dir='ltr'>annis</span> <span class='ocrx_word' id='word_1_49' title='bbox 872 1151 952 1200; x_wconf 78' lang='lat' dir='ltr'>eret.</span> 
     </span>
    </p>
   </div>
   <div class='ocr_carea' id='block_1_3' title="bbox 197 1278 1329 2528">
    <p class='ocr_par' dir='ltr' id='par_1_3' title="bbox 197 1278 1328 2104">
     <span class='ocr_line' id='line_1_9' title="bbox 209 1278 1326 1360; baseline -0.007 -19"><span class='ocrx_word' id='word_1_50' title='bbox 209 1283 308 1360; x_wconf 75' lang='lat' dir='ltr'>Quem</span> <span class='ocrx_word' id='word_1_51' title='bbox 335 1301 457 1340; x_wconf 87' lang='lat' dir='ltr'>versum</span> <span class='ocrx_word' id='word_1_52' title='bbox 481 1300 549 1339; x_wconf 90' lang='lat' dir='ltr'>cum</span> <span class='ocrx_word' id='word_1_53' title='bbox 578 1280 741 1338; x_wconf 87' lang='lat' dir='ltr'>cohaerere</span> <span class='ocrx_word' id='word_1_54' title='bbox 767 1278 866 1337; x_wconf 90' lang='lat' dir='ltr'>dicam</span> <span class='ocrx_word' id='word_1_55' title='bbox 889 1298 957 1336; x_wconf 92' lang='lat' dir='ltr'>cum</span> <span class='ocrx_word' id='word_1_56' title='bbox 979 1279 1016 1335; x_wconf 84' lang='lat' dir='ltr'>fr.</span> <span class='ocrx_word' id='word_1_57' title='bbox 1038 1286 1055 1336; x_wconf 77' lang='lat'><strong>2</strong></span> <span class='ocrx_word' id='word_1_58' title='bbox 1077 1280 1107 1334; x_wconf 86' lang='lat' dir='ltr'>in</span> <span class='ocrx_word' id='word_1_59' title='bbox 1129 1281 1237 1351; x_wconf 81' lang='lat' dir='ltr'>cestris</span> <span class='ocrx_word' id='word_1_60' title='bbox 1256 1294 1326 1350; x_wconf 82' lang='lat' dir='ltr'>per-</span> 
     </span>
     <span class='ocr_line' id='line_1_10' title="bbox 209 1385 1327 1467; baseline -0.004 -22"><span class='ocrx_word' id='word_1_61' title='bbox 209 1393 315 1446; x_wconf 81' lang='lat' dir='ltr'>monsi&#39;</span> <span class='ocrx_word' id='word_1_62' title='bbox 331 1408 356 1446; x_wconf 87' lang='lat' dir='ltr'>e.</span> <span class='ocrx_word' id='word_1_63' title='bbox 384 1408 414 1466; x_wconf 89' lang='lat' dir='ltr'>q.</span> <span class='ocrx_word' id='word_1_64' title='bbox 438 1409 478 1459; x_wconf 80' lang='lat' dir='ltr'>a,</span> <span class='ocrx_word' id='word_1_65' title='bbox 509 1386 679 1445; x_wconf 89' lang='lat' dir='ltr'>cavendum</span> <span class='ocrx_word' id='word_1_66' title='bbox 700 1396 760 1458; x_wconf 90' lang='lat' dir='ltr'>est,</span> <span class='ocrx_word' id='word_1_67' title='bbox 787 1407 825 1445; x_wconf 91' lang='lat' dir='ltr'>ne</span> <span class='ocrx_word' id='word_1_68' title='bbox 849 1389 916 1467; x_wconf 89' lang='lat' dir='ltr'>quis</span> <span class='ocrx_word' id='word_1_69' title='bbox 938 1386 969 1444; x_wconf 91' lang='lat' dir='ltr'>in</span> <span class='ocrx_word' id='word_1_70' title='bbox 992 1394 1056 1443; x_wconf 87' lang='lat' dir='ltr'>eret</span> <span class='ocrx_word' id='word_1_71' title='bbox 1080 1385 1171 1443; x_wconf 86' lang='lat' dir='ltr'>tertia</span> <span class='ocrx_word' id='word_1_72' title='bbox 1194 1403 1327 1463; x_wconf 90' lang='lat' dir='ltr'>persona</span> 
     </span>
     <span class='ocr_line' id='line_1_11' title="bbox 197 1488 1326 1554; baseline -0.007 0"><span class='ocrx_word' id='word_1_73' title='bbox 197 1493 353 1554; x_wconf 85' lang='lat' dir='ltr'>offendat.</span> <span class='ocrx_word' id='word_1_74' title='bbox 398 1493 546 1552; x_wconf 88' lang='lat' dir='ltr'>Nimirum</span> <span class='ocrx_word' id='word_1_75' title='bbox 572 1512 589 1550; x_wconf 92' lang='lat' dir='ltr'>e</span> <span class='ocrx_word' id='word_1_76' title='bbox 618 1492 672 1550; x_wconf 89' lang='lat' dir='ltr'>tali</span> <span class='ocrx_word' id='word_1_77' title='bbox 701 1494 766 1552; x_wconf 88' lang='lat' dir='ltr'>fere</span> <span class='ocrx_word' id='word_1_78' title='bbox 796 1493 909 1552; x_wconf 88' lang='lat' dir='ltr'>ambitu</span> <span class='ocrx_word' id='word_1_79' title='bbox 939 1491 1109 1550; x_wconf 86' lang='lat' dir='ltr'>sententiae</span> <span class='ocrx_word' id='word_1_80' title='bbox 1130 1489 1250 1547; x_wconf 91' lang='lat' dir='ltr'>Nonius</span> <span class='ocrx_word' id='word_1_81' title='bbox 1274 1488 1326 1547; x_wconf 92' lang='lat' dir='ltr'>illa</span> 
     </span>
     <span class='ocr_line' id='line_1_12' title="bbox 211 1595 1325 1679; baseline -0.005 -20"><span class='ocrx_word' id='word_1_82' title='bbox 211 1600 376 1678; x_wconf 78' lang='lat' dir='ltr'>decerpsit:</span> <span class='ocrx_word' id='word_1_83' title='bbox 400 1597 670 1678; x_wconf 66' lang='lat' dir='ltr'>‘Quandoquidem</span> <span class='ocrx_word' id='word_1_84' title='bbox 685 1620 723 1658; x_wconf 84' lang='lat' dir='ltr'>ex</span> <span class='ocrx_word' id='word_1_85' title='bbox 743 1601 867 1679; x_wconf 87' lang='lat' dir='ltr'>antiquo</span> <span class='ocrx_word' id='word_1_86' title='bbox 889 1620 971 1658; x_wconf 88' lang='lat' dir='ltr'>more</span> <span class='ocrx_word' id='word_1_87' title='bbox 994 1618 1082 1656; x_wconf 88' lang='lat' dir='ltr'>nemo</span> <span class='ocrx_word' id='word_1_88' title='bbox 1106 1595 1145 1655; x_wconf 91' lang='lat' dir='ltr'>ad</span> <span class='ocrx_word' id='word_1_89' title='bbox 1166 1597 1325 1673; x_wconf 89' lang='lat' dir='ltr'>magistra-</span> 
     </span>
     <span class='ocr_line' id='line_1_13' title="bbox 210 1701 1325 1786; baseline -0.005 -21"><span class='ocrx_word' id='word_1_90' title='bbox 210 1717 257 1766; x_wconf 87' lang='lat' dir='ltr'>tus</span> <span class='ocrx_word' id='word_1_91' title='bbox 286 1705 434 1764; x_wconf 82' lang='lat' dir='ltr'>accedere</span> <span class='ocrx_word' id='word_1_92' title='bbox 460 1706 572 1784; x_wconf 88' lang='lat' dir='ltr'>potuit,</span> <span class='ocrx_word' id='word_1_93' title='bbox 602 1714 765 1785; x_wconf 85' lang='lat' dir='ltr'>antequam</span> <span class='ocrx_word' id='word_1_94' title='bbox 789 1706 905 1786; x_wconf 80' lang='lat' dir='ltr'>aliquot</span> <span class='ocrx_word' id='word_1_95' title='bbox 935 1706 1022 1764; x_wconf 90' lang='lat' dir='ltr'>annis</span> <span class='ocrx_word' id='word_1_96' title='bbox 1050 1703 1158 1762; x_wconf 89' lang='lat' dir='ltr'>militia</span> <span class='ocrx_word' id='word_1_97' title='bbox 1180 1701 1325 1760; x_wconf 87' lang='lat' dir='ltr'>subactus</span> 
     </span>
     <span class='ocr_line' id='line_1_14' title="bbox 212 1810 1327 1889; baseline -0.001 -18"><span class='ocrx_word' id='word_1_98' title='bbox 212 1825 286 1886; x_wconf 87' lang='lat' dir='ltr'>erat,</span> <span class='ocrx_word' id='word_1_99' title='bbox 309 1812 446 1870; x_wconf 89' lang='lat' dir='ltr'>militiam</span> <span class='ocrx_word' id='word_1_100' title='bbox 469 1812 644 1889; x_wconf 88' lang='lat' dir='ltr'>capessivi.&#39;</span> <span class='ocrx_word' id='word_1_101' title='bbox 689 1810 736 1870; x_wconf 79' lang='lat' dir='ltr'>Of.</span> <span class='ocrx_word' id='word_1_102' title='bbox 759 1813 890 1870; x_wconf 87' lang='lat' dir='ltr'>Merceri</span> <span class='ocrx_word' id='word_1_103' title='bbox 913 1810 983 1870; x_wconf 84' lang='lat' dir='ltr'>adn.</span> <span class='ocrx_word' id='word_1_104' title='bbox 1006 1810 1144 1869; x_wconf 89' lang='lat' dir='ltr'>adNon.</span> <span class='ocrx_word' id='word_1_105' title='bbox 1164 1817 1327 1888; x_wconf 77' lang='lat' dir='ltr'>p.401,12</span> 
     </span>
     <span class='ocr_line' id='line_1_15' title="bbox 212 1903 1328 1997; baseline -0.004 -19"><span class='ocrx_word' id='word_1_106' title='bbox 212 1928 242 1978; x_wconf 88' lang='lat' dir='ltr'>et</span> <span class='ocrx_word' id='word_1_107' title='bbox 263 1917 385 1997; x_wconf 91' lang='lat' dir='ltr'>Polybii</span> <span class='ocrx_word' id='word_1_108' title='bbox 406 1918 507 1976; x_wconf 90' lang='lat' dir='ltr'>locum</span> <span class='ocrx_word' id='word_1_109' title='bbox 525 1917 595 1977; x_wconf 85' lang='lat' dir='ltr'>libri</span> <span class='ocrx_word' id='word_1_110' title='bbox 617 1917 663 1977; x_wconf 92' lang='lat' dir='ltr'>VI</span> <span class='ocrx_word' id='word_1_111' title='bbox 683 1926 724 1989; x_wconf 84' lang='lat'>19,</span> <span class='ocrx_word' id='word_1_112' title='bbox 747 1925 779 1977; x_wconf 82' lang='lat'>4:</span> <span class='ocrx_word' id='word_1_113' title='bbox 802 1906 959 1992; x_wconf 69' lang='lat' dir='ltr'>motastada</span> <span class='ocrx_word' id='word_1_114' title='bbox 980 1912 1011 1975; x_wconf 79' lang='lat' dir='ltr'>di</span> <span class='ocrx_word' id='word_1_115' title='bbox 1033 1914 1136 1992; x_wconf 81' lang='grc' dir='ltr'><strong><em>λαβεῖν</em></strong></span> <span class='ocrx_word' id='word_1_116' title='bbox 1154 1903 1251 1994; x_wconf 70' lang='grc' dir='ltr'><em>ἀρχὴν</em></span> <span class='ocrx_word' id='word_1_117' title='bbox 1273 1905 1328 1974; x_wconf 78' lang='grc' dir='ltr'>οὐκ</span> 
     </span>
     <span class='ocr_line' id='line_1_16' title="bbox 211 2003 1328 2104; baseline -0.004 -20"><span class='ocrx_word' id='word_1_118' title='bbox 211 2024 321 2098; x_wconf 81' lang='grc' dir='ltr'><em>ἔξεστιν</em></span> <span class='ocrx_word' id='word_1_119' title='bbox 332 2015 432 2082; x_wconf 83' lang='grc' dir='ltr'><strong><em>οὐδενὶ</em></strong></span> <span class='ocrx_word' id='word_1_120' title='bbox 444 2016 587 2100; x_wconf 80' lang='grc' dir='ltr'><strong><em>πρότερον</em></strong></span> <span class='ocrx_word' id='word_1_121' title='bbox 599 2016 652 2082; x_wconf 70' lang='grc' dir='ltr'>ἐάν</span> <span class='ocrx_word' id='word_1_122' title='bbox 663 2011 703 2099; x_wconf 76' lang='grc' dir='ltr'>μὴ</span> <span class='ocrx_word' id='word_1_123' title='bbox 716 2018 945 2100; x_wconf 62' lang='lat' dir='ltr'>discerperetur</span> <span class='ocrx_word' id='word_1_124' title='bbox 957 2019 1119 2093; x_wconf 81' lang='grc' dir='ltr'><strong><em>ἐνιαυσίους</em></strong></span> <span class='ocrx_word' id='word_1_125' title='bbox 1132 2003 1328 2104; x_wconf 47' lang='lat' dir='ltr'>praeelectis.</span> 
     </span>
    </p>

    <p class='ocr_par' dir='ltr' id='par_1_4' title="bbox 212 2130 1329 2528">
     <span class='ocr_line' id='line_1_17' title="bbox 296 2130 1328 2211; baseline -0.002 -22"><span class='ocrx_word' id='word_1_126' title='bbox 296 2133 347 2189; x_wconf 82' lang='lat' dir='ltr'>Fr.</span> <span class='ocrx_word' id='word_1_127' title='bbox 370 2140 386 2190; x_wconf 80' lang='lat'><strong>2</strong></span> <span class='ocrx_word' id='word_1_128' title='bbox 413 2130 495 2211; x_wconf 89' lang='lat' dir='ltr'>quod</span> <span class='ocrx_word' id='word_1_129' title='bbox 516 2131 674 2209; x_wconf 88' lang='lat' dir='ltr'>Roeperus</span> <span class='ocrx_word' id='word_1_130' title='bbox 696 2151 794 2211; x_wconf 86' lang='lat' dir='ltr'>aeque</span> <span class='ocrx_word' id='word_1_131' title='bbox 817 2130 896 2189; x_wconf 89' lang='lat' dir='ltr'>bene</span> <span class='ocrx_word' id='word_1_132' title='bbox 917 2132 949 2189; x_wconf 92' lang='lat' dir='ltr'>in</span> <span class='ocrx_word' id='word_1_133' title='bbox 967 2130 1157 2189; x_wconf 86' lang='lat' dir='ltr'>heroicorum</span> <span class='ocrx_word' id='word_1_134' title='bbox 1182 2149 1274 2209; x_wconf 84' lang='lat' dir='ltr'>quam</span> <span class='ocrx_word' id='word_1_135' title='bbox 1297 2131 1328 2188; x_wconf 91' lang='lat' dir='ltr'>in</span> 
     </span>
     <span class='ocr_line' id='line_1_18' title="bbox 212 2236 1329 2315; baseline -0.002 -20"><span class='ocrx_word' id='word_1_136' title='bbox 212 2237 495 2315; x_wconf 87' lang='lat' dir='ltr'>Aristophaniorum</span> <span class='ocrx_word' id='word_1_137' title='bbox 515 2246 618 2314; x_wconf 87' lang='lat' dir='ltr'>partes</span> <span class='ocrx_word' id='word_1_138' title='bbox 643 2237 723 2295; x_wconf 90' lang='lat' dir='ltr'>coire</span> <span class='ocrx_word' id='word_1_139' title='bbox 747 2236 835 2309; x_wconf 86' lang='lat' dir='ltr'>dicit,</span> <span class='ocrx_word' id='word_1_140' title='bbox 865 2237 937 2294; x_wconf 88' lang='lat' dir='ltr'>mihi</span> <span class='ocrx_word' id='word_1_141' title='bbox 955 2245 1064 2295; x_wconf 90' lang='lat' dir='ltr'>neutra</span> <span class='ocrx_word' id='word_1_142' title='bbox 1085 2238 1183 2294; x_wconf 85' lang='lat' dir='ltr'>forma</span> <span class='ocrx_word' id='word_1_143' title='bbox 1206 2237 1329 2293; x_wconf 84' lang='lat' dir='ltr'>suavior</span> 
     </span>
     <span class='ocr_line' id='line_1_19' title="bbox 212 2325 1328 2422; baseline -0.003 -19"><span class='ocrx_word' id='word_1_144' title='bbox 212 2345 251 2403; x_wconf 90' lang='lat' dir='ltr'>ad</span> <span class='ocrx_word' id='word_1_145' title='bbox 272 2365 360 2403; x_wconf 89' lang='lat' dir='ltr'>aures</span> <span class='ocrx_word' id='word_1_146' title='bbox 383 2343 508 2402; x_wconf 89' lang='lat' dir='ltr'>accidit:</span> <span class='ocrx_word' id='word_1_147' title='bbox 537 2362 692 2414; x_wconf 88' lang='lat' dir='ltr'>caesurae,</span> <span class='ocrx_word' id='word_1_148' title='bbox 717 2363 806 2422; x_wconf 89' lang='lat' dir='ltr'>quam</span> <span class='ocrx_word' id='word_1_149' title='bbox 828 2342 881 2401; x_wconf 87' lang='lat' dir='ltr'>ille</span> <span class='ocrx_word' id='word_1_150' title='bbox 902 2343 1048 2419; x_wconf 82' lang='lat' dir='ltr'>neglexit,</span> <span class='ocrx_word' id='word_1_151' title='bbox 1071 2342 1207 2421; x_wconf 90' lang='lat' dir='ltr'>reposito</span> <span class='ocrx_word' id='word_1_152' title='bbox 1227 2325 1328 2400; x_wconf 77' lang='lat' dir='ltr'>deiude</span> 
     </span>
     <span class='ocr_line' id='line_1_20' title="bbox 213 2449 466 2528; baseline -0.008 -20"><span class='ocrx_word' id='word_1_153' title='bbox 213 2450 330 2508; x_wconf 89' lang='lat' dir='ltr'>consuli</span> <span class='ocrx_word' id='word_1_154' title='bbox 351 2449 466 2528; x_wconf 88' lang='lat' dir='ltr'>possit:</span> 
     </span>
    </p>
   </div>
   <div class='ocr_carea' id='block_1_4' title="bbox 365 2586 1090 2748">
    <p class='ocr_par' dir='ltr' id='par_1_5' title="bbox 365 2586 1090 2748">
     <span class='ocr_line' id='line_1_21' title="bbox 365 2586 1090 2656; baseline 0 -15"><span class='ocrx_word' id='word_1_155' title='bbox 365 2629 371 2641; x_wconf 87' lang='lat'>.</span> <span class='ocrx_word' id='word_1_156' title='bbox 398 2629 403 2640; x_wconf 95' lang='lat'>.</span> <span class='ocrx_word' id='word_1_157' title='bbox 428 2629 434 2640; x_wconf 89' lang='lat'>.</span> <span class='ocrx_word' id='word_1_158' title='bbox 457 2586 487 2640; x_wconf 83' lang='lat' dir='ltr'>in</span> <span class='ocrx_word' id='word_1_159' title='bbox 511 2587 617 2641; x_wconf 78' lang='lat' dir='ltr'>eastris</span> <span class='ocrx_word' id='word_1_160' title='bbox 635 2588 787 2656; x_wconf 84' lang='lat' dir='ltr'>permansi</span> <span class='ocrx_word' id='word_1_161' title='bbox 802 2588 926 2643; x_wconf 79' lang='lat' dir='ltr'>:deinde</span> <span class='ocrx_word' id='word_1_162' title='bbox 948 2586 1090 2642; x_wconf 83' lang='lat' dir='ltr'>cabellum</span> 
     </span>
     <span class='ocr_line' id='line_1_22' title="bbox 365 2691 728 2748; baseline -0.003 -1"><span class='ocrx_word' id='word_1_163' title='bbox 365 2691 503 2747; x_wconf 78' lang='lat' dir='ltr'>Redducr&#39;</span> <span class='ocrx_word' id='word_1_164' title='bbox 522 2693 561 2746; x_wconf 81' lang='lat' dir='ltr'>od</span> <span class='ocrx_word' id='word_1_165' title='bbox 581 2707 728 2748; x_wconf 79' lang='lat' dir='ltr'>censorem</span> 
     </span>
    </p>
   </div>
   <div class='ocr_carea' id='block_1_5' title="bbox 214 2825 1245 2899">
    <p class='ocr_par' dir='ltr' id='par_1_6' title="bbox 214 2825 1245 2899">
     <span class='ocr_line' id='line_1_23' title="bbox 214 2825 1245 2899; baseline 0 -16"><span class='ocrx_word' id='word_1_166' title='bbox 214 2825 278 2884; x_wconf 86' lang='lat' dir='ltr'>vel:</span> <span class='ocrx_word' id='word_1_167' title='bbox 367 2869 590 2881; x_wconf 92' lang='grc'><strong>........</strong></span> <span class='ocrx_word' id='word_1_168' title='bbox 614 2825 770 2883; x_wconf 78' lang='lat' dir='ltr'>incastris</span> <span class='ocrx_word' id='word_1_169' title='bbox 787 2825 940 2899; x_wconf 73' lang='lat' dir='ltr'>permensi</span> <span class='ocrx_word' id='word_1_170' title='bbox 954 2829 1079 2883; x_wconf 76' lang='lat' dir='ltr'>:deinde</span> <span class='ocrx_word' id='word_1_171' title='bbox 1101 2825 1245 2893; x_wconf 70' lang='lat' dir='ltr'>cabellum</span> 
     </span>
    </p>
   </div>
   <div class='ocr_carea' id='block_1_6' title="bbox 365 2962 736 3019">
    <p class='ocr_par' dir='ltr' id='par_1_7' title="bbox 365 2962 736 3019">
     <span class='ocr_line' id='line_1_24' title="bbox 365 2962 736 3019; baseline 0 -1"><span class='ocrx_word' id='word_1_172' title='bbox 365 2962 504 3018; x_wconf 69' lang='lat' dir='ltr'>Reddam</span> <span class='ocrx_word' id='word_1_173' title='bbox 521 2965 560 3019; x_wconf 86' lang='lat' dir='ltr'>ed</span> <span class='ocrx_word' id='word_1_174' title='bbox 580 2979 736 3019; x_wconf 86' lang='lat' dir='ltr'>censorem.</span> 
     </span>
    </p>
   </div>
   <div class='ocr_carea' id='block_1_7' title="bbox 214 3096 1329 3583">
    <p class='ocr_par' dir='ltr' id='par_1_8' title="bbox 214 3096 1329 3583">
     <span class='ocr_line' id='line_1_25' title="bbox 214 3096 1329 3177; baseline 0.003 -22"><span class='ocrx_word' id='word_1_175' title='bbox 214 3100 353 3155; x_wconf 78' lang='lat' dir='ltr'>Redduxi</span> <span class='ocrx_word' id='word_1_176' title='bbox 377 3097 500 3177; x_wconf 90' lang='lat' dir='ltr'>quidem</span> <span class='ocrx_word' id='word_1_177' title='bbox 528 3096 604 3155; x_wconf 89' lang='lat' dir='ltr'>nihil</span> <span class='ocrx_word' id='word_1_178' title='bbox 633 3096 808 3155; x_wconf 86' lang='lat' dir='ltr'>offensionis</span> <span class='ocrx_word' id='word_1_179' title='bbox 837 3096 946 3156; x_wconf 88' lang='lat' dir='ltr'>habet:</span> <span class='ocrx_word' id='word_1_180' title='bbox 982 3097 1021 3155; x_wconf 87' lang='lat' dir='ltr'>cf.</span> <span class='ocrx_word' id='word_1_181' title='bbox 1049 3096 1267 3157; x_wconf 88' lang='lat' dir='ltr'>Lachmannus</span> <span class='ocrx_word' id='word_1_182' title='bbox 1291 3100 1329 3159; x_wconf 88' lang='lat' dir='ltr'>ad</span> 
     </span>
     <span class='ocr_line' id='line_1_26' title="bbox 214 3201 1328 3266; baseline 0.002 -4"><span class='ocrx_word' id='word_1_183' title='bbox 214 3203 350 3262; x_wconf 90' lang='lat' dir='ltr'>Lucretii</span> <span class='ocrx_word' id='word_1_184' title='bbox 376 3203 405 3261; x_wconf 90' lang='lat' dir='ltr'>V</span> <span class='ocrx_word' id='word_1_185' title='bbox 431 3211 491 3265; x_wconf 77' lang='lat'><strong>614.</strong></span> <span class='ocrx_word' id='word_1_186' title='bbox 537 3201 600 3261; x_wconf 82' lang='lat' dir='ltr'>Sed</span> <span class='ocrx_word' id='word_1_187' title='bbox 630 3211 733 3260; x_wconf 87' lang='lat' dir='ltr'>tamen</span> <span class='ocrx_word' id='word_1_188' title='bbox 759 3203 890 3262; x_wconf 85' lang='lat' dir='ltr'>fortasse</span> <span class='ocrx_word' id='word_1_189' title='bbox 915 3203 1041 3263; x_wconf 87' lang='lat' dir='ltr'>eludunt</span> <span class='ocrx_word' id='word_1_190' title='bbox 1069 3225 1107 3263; x_wconf 92' lang='lat' dir='ltr'>ea</span> <span class='ocrx_word' id='word_1_191' title='bbox 1137 3205 1218 3264; x_wconf 87' lang='lat' dir='ltr'>falsa</span> <span class='ocrx_word' id='word_1_192' title='bbox 1241 3208 1328 3266; x_wconf 88' lang='lat' dir='ltr'>metri</span> 
     </span>
     <span class='ocr_line' id='line_1_27' title="bbox 214 3307 1328 3390; baseline 0.001 -21"><span class='ocrx_word' id='word_1_193' title='bbox 214 3312 333 3390; x_wconf 88' lang='lat' dir='ltr'>specie,</span> <span class='ocrx_word' id='word_1_194' title='bbox 361 3330 418 3367; x_wconf 91' lang='lat' dir='ltr'>nec</span> <span class='ocrx_word' id='word_1_195' title='bbox 447 3309 501 3367; x_wconf 90' lang='lat' dir='ltr'>illa</span> <span class='ocrx_word' id='word_1_196' title='bbox 527 3307 650 3389; x_wconf 89' lang='lat' dir='ltr'>quidem</span> <span class='ocrx_word' id='word_1_197' title='bbox 676 3308 802 3367; x_wconf 88' lang='lat' dir='ltr'>mutatio</span> <span class='ocrx_word' id='word_1_198' title='bbox 830 3309 968 3368; x_wconf 87' lang='lat' dir='ltr'>ferenda.</span> <span class='ocrx_word' id='word_1_199' title='bbox 1015 3309 1133 3368; x_wconf 83' lang='lat' dir='ltr'>Certius</span> <span class='ocrx_word' id='word_1_200' title='bbox 1155 3331 1328 3372; x_wconf 88' lang='lat' dir='ltr'>mensuram</span> 
     </span>
     <span class='ocr_line' id='line_1_28' title="bbox 214 3414 1329 3498; baseline 0.001 -22"><span class='ocrx_word' id='word_1_201' title='bbox 214 3418 315 3498; x_wconf 90' lang='lat' dir='ltr'>prodit</span> <span class='ocrx_word' id='word_1_202' title='bbox 334 3417 371 3476; x_wconf 85' lang='lat' dir='ltr'>fr.</span> <span class='ocrx_word' id='word_1_203' title='bbox 395 3426 421 3487; x_wconf 79' lang='lat'>3,</span> <span class='ocrx_word' id='word_1_204' title='bbox 443 3414 524 3494; x_wconf 89' lang='lat' dir='ltr'>quod</span> <span class='ocrx_word' id='word_1_205' title='bbox 542 3416 700 3493; x_wconf 83' lang='lat' dir='ltr'>Roeperus</span> <span class='ocrx_word' id='word_1_206' title='bbox 721 3422 788 3471; x_wconf 78' lang='lat' dir='ltr'>tunc</span> <span class='ocrx_word' id='word_1_207' title='bbox 809 3435 960 3494; x_wconf 89' lang='lat' dir='ltr'>reponens</span> <span class='ocrx_word' id='word_1_208' title='bbox 982 3438 1036 3496; x_wconf 90' lang='lat' dir='ltr'>pro</span> <span class='ocrx_word' id='word_1_209' title='bbox 1059 3418 1166 3476; x_wconf 81' lang='lat' dir='ltr'>tamin</span> <span class='ocrx_word' id='word_1_210' title='bbox 1188 3427 1329 3497; x_wconf 87' lang='lat' dir='ltr'>septena-</span> 
     </span>
     <span class='ocr_line' id='line_1_29' title="bbox 214 3520 581 3583; baseline -0.014 0"><span class='ocrx_word' id='word_1_211' title='bbox 214 3525 250 3583; x_wconf 91' lang='lat' dir='ltr'>rii</span> <span class='ocrx_word' id='word_1_212' title='bbox 270 3526 397 3582; x_wconf 85' lang='lat' dir='ltr'>formam</span> <span class='ocrx_word' id='word_1_213' title='bbox 422 3520 581 3580; x_wconf 88' lang='lat' dir='ltr'>describit:</span> 
     </span>
    </p>
   </div>
   <div class='ocr_carea' id='block_1_8' title="bbox 363 3650 1227 3822">
    <p class='ocr_par' dir='ltr' id='par_1_9' title="bbox 363 3650 1227 3822">
     <span class='ocr_line' id='line_1_30' title="bbox 363 3650 1227 3743; baseline 0 -27"><span class='ocrx_word' id='word_1_214' title='bbox 363 3650 470 3732; x_wconf 80' lang='lat' dir='ltr'>‘itaque</span> <span class='ocrx_word' id='word_1_215' title='bbox 493 3666 560 3715; x_wconf 81' lang='lat' dir='ltr'>tune</span> <span class='ocrx_word' id='word_1_216' title='bbox 581 3659 662 3715; x_wconf 71' lang='lat' dir='ltr'>emim</span> <span class='ocrx_word' id='word_1_217' title='bbox 687 3661 849 3716; x_wconf 85' lang='lat' dir='ltr'>mordacem</span> <span class='ocrx_word' id='word_1_218' title='bbox 869 3657 1055 3743; x_wconf 28' lang='lat' dir='ltr'>&#39;calcitronem</span> <span class='ocrx_word' id='word_1_219' title='bbox 1077 3660 1227 3717; x_wconf 80' lang='lat' dir='ltr'>lm&#39;rrr&#39;dum</span> 
     </span>
     <span class='ocr_line' id='line_1_31' title="bbox 366 3765 785 3822; baseline -0.002 0"><span class='ocrx_word' id='word_1_220' title='bbox 366 3765 450 3822; x_wconf 80' lang='lat' dir='ltr'>Miles</span> <span class='ocrx_word' id='word_1_221' title='bbox 472 3782 506 3820; x_wconf 87' lang='lat' dir='ltr'>ec</span> <span class='ocrx_word' id='word_1_222' title='bbox 528 3765 572 3820; x_wconf 82' lang='lat' dir='ltr'>m‘r</span> <span class='ocrx_word' id='word_1_223' title='bbox 593 3765 649 3820; x_wconf 79' lang='lat' dir='ltr'>nin</span> <span class='ocrx_word' id='word_1_224' title='bbox 673 3767 785 3822; x_wconf 81' lang='lat' dir='ltr'>vitabat.</span> 
     </span>
    </p>
   </div>
   <div class='ocr_carea' id='block_1_9' title="bbox 215 3900 1331 4409">
    <p class='ocr_par' dir='ltr' id='par_1_10' title="bbox 215 3900 1331 4409">
     <span class='ocr_line' id='line_1_32' title="bbox 216 3900 1328 3983; baseline 0.002 -24"><span class='ocrx_word' id='word_1_225' title='bbox 216 3900 279 3959; x_wconf 80' lang='lat' dir='ltr'>Sed</span> <span class='ocrx_word' id='word_1_226' title='bbox 297 3900 390 3971; x_wconf 90' lang='lat' dir='ltr'>hiatu,</span> <span class='ocrx_word' id='word_1_227' title='bbox 416 3919 505 3979; x_wconf 90' lang='lat' dir='ltr'>quem</span> <span class='ocrx_word' id='word_1_228' title='bbox 522 3919 595 3958; x_wconf 87' lang='lat' dir='ltr'>esse</span> <span class='ocrx_word' id='word_1_229' title='bbox 618 3901 650 3959; x_wconf 91' lang='lat' dir='ltr'>in</span> <span class='ocrx_word' id='word_1_230' title='bbox 668 3901 727 3960; x_wconf 90' lang='lat' dir='ltr'>fine</span> <span class='ocrx_word' id='word_1_231' title='bbox 749 3901 831 3960; x_wconf 88' lang='lat' dir='ltr'>illius</span> <span class='ocrx_word' id='word_1_232' title='bbox 853 3920 960 3959; x_wconf 87' lang='lat' dir='ltr'>versus</span> <span class='ocrx_word' id='word_1_233' title='bbox 983 3900 1101 3973; x_wconf 86' lang='lat' dir='ltr'>voluit,¹</span> <span class='ocrx_word' id='word_1_234' title='bbox 1108 3921 1216 3979; x_wconf 88' lang='lat' dir='ltr'>parum</span> <span class='ocrx_word' id='word_1_235' title='bbox 1232 3923 1328 3983; x_wconf 35' lang='lat' dir='ltr'>&#39;accu-</span> 
     </span>
     <span class='ocr_line' id='line_1_33' title="bbox 215 4004 1331 4089; baseline 0.008 -25"><span class='ocrx_word' id='word_1_236' title='bbox 215 4013 281 4064; x_wconf 89' lang='lat' dir='ltr'>rate</span> <span class='ocrx_word' id='word_1_237' title='bbox 304 4005 464 4063; x_wconf 88' lang='lat' dir='ltr'>defunctus</span> <span class='ocrx_word' id='word_1_238' title='bbox 488 4013 542 4064; x_wconf 85' lang='lat' dir='ltr'>est.</span> <span class='ocrx_word' id='word_1_239' title='bbox 581 4004 615 4064; x_wconf 79' lang='lat' dir='ltr'>O.</span> <span class='ocrx_word' id='word_1_240' title='bbox 638 4007 674 4064; x_wconf 91' lang='lat' dir='ltr'>L.</span> <span class='ocrx_word' id='word_1_241' title='bbox 698 4006 877 4065; x_wconf 83' lang='lat' dir='ltr'>Schneideri</span> <span class='ocrx_word' id='word_1_242' title='bbox 893 4007 972 4065; x_wconf 90' lang='lat' dir='ltr'>enim</span> <span class='ocrx_word' id='word_1_243' title='bbox 987 4027 1112 4084; x_wconf 80' lang='lat' dir='ltr'>gramm.</span> <span class='ocrx_word' id='word_1_244' title='bbox 1128 4008 1183 4066; x_wconf 86' lang='lat' dir='ltr'>lat.</span> <span class='ocrx_word' id='word_1_245' title='bbox 1200 4010 1215 4067; x_wconf 95' lang='grc' dir='ltr'>Ι</span> <span class='ocrx_word' id='word_1_246' title='bbox 1234 4031 1265 4089; x_wconf 93' lang='lat' dir='ltr'>p.</span> <span class='ocrx_word' id='word_1_247' title='bbox 1281 4019 1331 4072; x_wconf 76' lang='lat'>158</span> 
     </span>
     <span class='ocr_line' id='line_1_34' title="bbox 216 4112 1328 4197; baseline 0.004 -25"><span class='ocrx_word' id='word_1_248' title='bbox 216 4135 272 4194; x_wconf 73' lang='lat' dir='ltr'>sq,</span> <span class='ocrx_word' id='word_1_249' title='bbox 296 4112 377 4192; x_wconf 93' lang='lat' dir='ltr'>quod</span> <span class='ocrx_word' id='word_1_250' title='bbox 397 4114 494 4185; x_wconf 85' lang='lat' dir='ltr'>affert,</span> <span class='ocrx_word' id='word_1_251' title='bbox 517 4112 622 4171; x_wconf 85' lang='lat' dir='ltr'>fallaci</span> <span class='ocrx_word' id='word_1_252' title='bbox 643 4113 813 4172; x_wconf 88' lang='lat' dir='ltr'>testimonio</span> <span class='ocrx_word' id='word_1_253' title='bbox 828 4116 935 4173; x_wconf 90' lang='lat' dir='ltr'>utitur:</span> <span class='ocrx_word' id='word_1_254' title='bbox 959 4115 1081 4194; x_wconf 90' lang='lat' dir='ltr'>quaudo</span> <span class='ocrx_word' id='word_1_255' title='bbox 1099 4137 1179 4197; x_wconf 91' lang='lat' dir='ltr'>quae</span> <span class='ocrx_word' id='word_1_256' title='bbox 1199 4117 1242 4176; x_wconf 91' lang='lat' dir='ltr'>ibi</span> <span class='ocrx_word' id='word_1_257' title='bbox 1260 4139 1328 4176; x_wconf 90' lang='lat' dir='ltr'>con·</span> 
     </span>
     <span class='ocr_line' id='line_1_35' title="bbox 216 4219 1329 4301; baseline 0.004 -23"><span class='ocrx_word' id='word_1_258' title='bbox 216 4228 360 4296; x_wconf 88' lang='lat' dir='ltr'>geruntur</span> <span class='ocrx_word' id='word_1_259' title='bbox 387 4219 487 4278; x_wconf 90' lang='lat' dir='ltr'>hiatus</span> <span class='ocrx_word' id='word_1_260' title='bbox 513 4220 668 4299; x_wconf 81' lang='lat' dir='ltr'>exempla,</span> <span class='ocrx_word' id='word_1_261' title='bbox 701 4241 805 4280; x_wconf 88' lang='lat' dir='ltr'>eorum</span> <span class='ocrx_word' id='word_1_262' title='bbox 825 4242 898 4301; x_wconf 87' lang='lat' dir='ltr'>pars</span> <span class='ocrx_word' id='word_1_263' title='bbox 922 4222 1036 4301; x_wconf 89' lang='lat' dir='ltr'>dispari</span> <span class='ocrx_word' id='word_1_264' title='bbox 1057 4242 1170 4300; x_wconf 86' lang='lat' dir='ltr'>genere</span> <span class='ocrx_word' id='word_1_265' title='bbox 1195 4226 1329 4284; x_wconf 87' lang='lat' dir='ltr'>contine-</span> 
     </span>
     <span class='ocr_line' id='line_1_36' title="bbox 216 4324 1330 4409; baseline 0.004 -25"><span class='ocrx_word' id='word_1_266' title='bbox 216 4335 277 4400; x_wconf 89' lang='lat' dir='ltr'>tur,</span> <span class='ocrx_word' id='word_1_267' title='bbox 301 4347 380 4407; x_wconf 89' lang='lat' dir='ltr'>quae</span> <span class='ocrx_word' id='word_1_268' title='bbox 402 4346 476 4385; x_wconf 89' lang='lat' dir='ltr'>vero</span> <span class='ocrx_word' id='word_1_269' title='bbox 496 4324 606 4384; x_wconf 90' lang='lat' dir='ltr'>similia</span> <span class='ocrx_word' id='word_1_270' title='bbox 628 4327 689 4386; x_wconf 91' lang='lat' dir='ltr'>sint</span> <span class='ocrx_word' id='word_1_271' title='bbox 706 4328 752 4385; x_wconf 93' lang='lat' dir='ltr'>illi</span> <span class='ocrx_word' id='word_1_272' title='bbox 773 4329 876 4388; x_wconf 89' lang='lat' dir='ltr'>Plauti</span> <span class='ocrx_word' id='word_1_273' title='bbox 898 4328 1096 4409; x_wconf 85' lang='lat' dir='ltr'>Terentiiquc</span> <span class='ocrx_word' id='word_1_274' title='bbox 1118 4329 1269 4409; x_wconf 83' lang='lat' dir='ltr'>exempla,</span> <span class='ocrx_word' id='word_1_275' title='bbox 1294 4351 1330 4389; x_wconf 91' lang='lat' dir='ltr'>ea</span> 
     </span>
    </p>
   </div>
   <div class='ocr_carea' id='block_1_10' title="bbox 0 0 1390 4890">
    <p class='ocr_par' dir='ltr' id='par_1_11' title="bbox 0 0 1390 4890">
     <span class='ocr_line' id='line_1_37' title="bbox 0 0 1390 4890; baseline 0 0"><span class='ocrx_word' id='word_1_276' title='bbox 0 0 1390 4890; x_wconf 95' lang='lat' dir='ltr'> </span> 
     </span>
    </p>
   </div>
  </div>
 </body>
</html>
