2760 4890
128 318 169 380 76
325 342 328 348 ·
557 328 811 378 consensuri.

128 488 315 566 grammatici
342 496 469 558 vocant,
499 489 573 547 dici:
604 488 688 547 cuius
712 509 771 547 non
793 488 913 568 planius
937 507 972 546 ac
996 486 1129 566 lepidius
1152 486 1244 545 simul

130 593 301 672 exemplum
328 594 399 652 novi
424 594 477 652 illo
500 595 581 673 apud
602 597 781 655 Iuvenalem
803 595 848 654 VI
871 603 935 656 160:
963 601 990 652 et
1013 603 1093 654 uetus
1114 597 1245 667 indulget

128 705 243 760 senibus
268 704 418 759 clementia
437 708 551 776 porcis:
581 702 680 783 quode
699 702 770 762 vide
793 700 963 761 Heinrichii
986 700 1243 759 commentarium.

128 809 177 868 De
199 793 361 887 ἆδιαφορίᾳ
383 816 414 866 et
434 794 568 889 ἀπαθείᾳ
591 810 761 868 Stoicorum
782 809 855 868 vide
870 809 895 866 Ι.
918 807 1013 886 Lipsii
1036 806 1245 867 manuductio·

128 913 175 972 nis
200 913 256 972 Ill
269 912 341 971 diss.
364 914 436 972 VII.
461 914 540 993 Opp.
560 916 607 975 IV
625 936 655 993 p.
670 923 731 979 771.
766 917 923 989 adiafurou
944 912 1063 992 reliqui,
1087 932 1147 990 quo
1173 930 1243 969 con-

129 1029 189 1079 stet
217 1020 293 1080 haec
327 1040 505 1098 graecarum
533 1044 642 1081 vocum
671 1025 835 1102 scriptura,
872 1020 955 1078 cuius
982 1039 1078 1098 nuper
1102 1018 1244 1095 exempla

26 1115 37 1215 Σ
128 1126 273 1185 nonnulla
295 1127 382 1203 tetigi
405 1128 436 1185 in
460 1148 539 1187 novo
563 1149 665 1188 museo
687 1129 785 1189 Rhen.
809 1127 862 1208 XI·
879 1147 908 1205 p.
927 1135 988 1188 590.
1034 1124 1082 1183 Of.
1102 1121 1245 1182 Ritsche·

129 1231 188 1290 lius
219 1230 292 1289 ibid·
321 1232 387 1290 XII
414 1253 443 1310 P·
474 1244 533 1296 109.
577 1237 604 1293 E
632 1234 828 1294 Varronianis
863 1254 900 1291 en
934 1231 1042 1291 eodem
1069 1249 1185 1306 genere
1214 1228 1244 1286 in

131 1349 272 1419 promptu
300 1350 347 1398 est
374 1341 533 1399 Autumedo
560 1341 591 1398 in
619 1347 694 1396 Minu
721 1341 758 1399 fr.
780 1351 812 1412 l,
842 1339 922 1420 quod
944 1337 1081 1396 Kochius
1104 1335 1245 1413 speciose

130 1447 227 1521 magis
260 1465 349 1524 quam
376 1463 449 1502 vere
472 1445 654 1505 emendavit.
699 1446 787 1505 Alius
809 1445 929 1523 generis
954 1452 1000 1501 est
1022 1446 1168 1500 rutundus
1192 1450 1245 1496 An-

132 1573 182 1607 nos
203 1557 318 1606 Marone
339 1550 376 1609 fr.
393 1557 424 1610 i:
446 1550 484 1608 (le
501 1571 559 1629 quo
576 1553 788 1611 Lachmannus
804 1551 844 1610 ad
859 1550 994 1610 Lucretii
1011 1548 1120 1607 librum
1136 1549 1168 1607 ΙΙ
1184 1558 1244 1609 40⁶2.

217 1673 370 1748 Alterum,
400 1675 481 1754 qnod
510 1675 586 1748 dixi,
616 1697 634 1734 a
657 1677 797 1752 Roepero
820 1683 983 1732 tractatum
1007 1671 1181 1749 exemplum
1202 1671 1245 1729 le·

132 1781 211 1858 gitur
232 1781 263 1838 in
287 1787 389 1839 sature
410 1788 462 1837 Tor
482 1789 590 1838 sssrnoc
608 1788 644 1836 To
658 1787 772 1836 Hesion
797 1782 834 1839 fr.
858 1790 874 1842 s
896 1801 931 1839 aa
953 1798 1053 1853 quare,
1072 1783 1098 1836 si
1112 1783 1163 1836 diu
1176 1796 1246 1853 pens

132 1897 173 1945 est
203 1890 242 1944 ud
268 1891 419 1956 amussim,
444 1905 501 1960 per
529 1881 664 1947 meliust
684 1892 820 1947 adstamus
841 1898 921 1947 tanao
942 1879 1056 1944 διάκον.
1102 1885 1155 1943 Sic
1178 1882 1246 1941 libri

132 1993 224 2050 Nonii
243 2014 272 2071 p.
296 2002 321 2065 9,
344 2003 386 2066 15,
410 1994 469 2059 nisi
490 1994 570 2074 quod
595 2017 630 2055 ac
653 1997 752 2054 omisit
774 1994 934 2054 Leidensis
954 2001 984 2052 et
999 1986 1246 2066 Bambergensis,

132 2118 222 2178 quam
250 2099 429 2176 particulam
457 2109 529 2179 puto
558 2121 595 2160 ex
623 2102 703 2160 tituli
731 2103 814 2160 exitu
842 2109 937 2158 ortam
958 2118 1040 2157 esse:
1067 2103 1247 2152 Haraonoiiic

135 2208 240 2274 Quare.
286 2205 337 2263 Sic
365 2208 446 2266 enirn
468 2209 589 2286 saepius
611 2215 778 2287 peccarunt
798 2205 930 2277 librarii,
954 2214 986 2263 ut
1007 2227 1036 2283 p.
1054 2211 1098 2274 71,
1123 2212 1159 2264 30
1180 2196 1247 2276 usal

133 2299 248 2385 suueuia
264 2332 298 2368 ac
317 2320 347 2370 tu
363 2319 490 2387 quimm:
506 2315 563 2372 fuit
577 2314 656 2373 enim
668 2309 734 2387 περὶ
748 2320 893 2370 Ersrnnnc
907 2315 982 2386 Tuq;
999 2315 1081 2368 idem.
1111 2307 1175 2367 Sed
1191 2307 1248 2365 hoc

132 2417 349 2476 leviusculum:
374 2417 515 2494 graiiora
533 2429 650 2479 restant
667 2423 698 2479 in
715 2421 780 2498 ipso
798 2421 982 2496 fragmento:
1000 2414 1080 2496 qnod
1096 2413 1248 2473 Oehlerus

134 2524 323 2582 ‘coniectura
342 2525 522 2583 certissima'
538 2524 594 2583 sibi
610 2527 691 2584 visus
712 2533 758 2583 est
778 2525 948 2583 restituisse
965 2525 996 2581 in
1013 2522 1094 2580 hunc
1110 2519 1248 2579 modum:

136 2633 232 2699 Quare
256 2635 281 2685 si
307 2630 448 2702 Diopeues
472 2639 514 2688 ast
543 2634 581 2689 ad
606 2635 757 2700 amussim,
789 2649 846 2703 per
873 2646 916 2686 ma
944 2633 1007 2687 lieet
1036 2633 1175 2686 adsumas
1201 2647 1246 2704 γε·

135 2725 307 2794 νεθλιακόν.
351 2735 471 2793 Vellem
492 2736 518 2793 is
541 2757 626 2795 suum
643 2740 799 2796 inventurn
818 2735 912 2796 verbo
933 2735 1144 2814 explicuisset:
1179 2755 1248 2792 nam

136 2831 215 2921 quae
237 2839 381 2900 subiecit:
405 2840 573 2917 ‘Diogenes
597 2845 727 2902 sortasse
753 2851 800 2901 est
821 2842 874 2900 ille
899 2840 1103 2920 Babylonius,
1127 2841 1248 2899 Stoicus

136 2947 366 3019 celeberrimus,
396 2947 478 3006 cuius
506 2946 615 3005 librum
640 2948 678 3008 de
706 2949 893 3007 divinatione
921 2947 1043 3025 saepius
1071 2945 1178 3005 laudat
1200 2944 1248 3003 Oi-

136 3074 205 3112 cero
228 3053 259 3110 in
280 3073 334 3111 suo
353 3051 545 3129 cognomini’,
567 3074 625 3113 nec
647 3054 851 3113 emendationi
868 3052 960 3112 fidem
982 3073 1039 3112 nec
1061 3053 1162 3110 lucem
1181 3073 1248 3110 sen-

135 3158 249 3216 tentiae
278 3158 416 3216 afferunt.
445 3157 525 3217 *Sed
553 3159 633 3216 hanc
661 3158 800 3237 quidem,
830 3168 863 3217 ut
885 3160 1020 3218 omittam
1042 3158 1129 3229 alios,
1153 3157 1248 3216 veris·

135 3264 208 3322 sime
230 3263 387 3341 Roeperns
408 3265 558 3342 percepit:

307 3358 314 3379 2

743 3419 834 3491 quare
855 3422 882 3475 si
897 3421 939 3474 ad
958 3420 1036 3476 diuos
1056 3420 1107 3475 titi

340 3529 415 3583 Gaas
435 3525 475 3582 ea
496 3526 630 3581 amussim
644 3523 820 3602 [priminas]
839 3542 896 3598 per
919 3525 964 3582 me'
984 3528 1048 3582 licet

338 3635 480 3690 adsumas
500 3641 618 3690 stemma
643 3620 766 3687 Διακόν.

137 3784 254 3863 Lepide
274 3786 354 3844 enim
376 3787 413 3858 ei,
437 3786 488 3863 qui
507 3782 610 3842 nobile
633 3791 663 3840 et
684 3782 761 3841 adeo
780 3781 913 3840 divinum
931 3790 1030 3858 'genus
1054 3801 1140 3839 suurn
1156 3782 1250 3840 iacta-

137 3898 240 3963 v'erat‚
267 3892 370 3949 nescio
393 3891 460 3968 quis
482 3890 526 3946 ita
548 3886 729 3967 respondet,
757 3897 790 3946 ut
810 3907 864 3966 per
887 3909 920 3946 se
944 3887 1065 3966 quidem
1088 3886 1184 3945 licere
1206 3886 1250 3945 di-

139 4006 188 4066 cat
215 3997 261 4055 illi
289 3997 340 4056 vel
367 4017 385 4053 a
411 3997 487 4053 Iove
511 3994 577 4073 ipso
605 4015 689 4052 suam
714 4001 853 4072 repetere
871 4002 1004 4069 gentem.
1048 3993 1152 4071 Atque
1172 3993 1252 4051 haec

138 4102 260 4180 quidem
282 4100 442 4172 sententia,
466 4120 545 4178 quae
567 4102 670 4158 nescio
694 4119 783 4178 quam
806 4100 928 4176 egregie
952 4099 1097 4158 Varronis
1120 4110 1253 4158 mentem

137 4208 266 4278 referat,
299 4207 349 4265 vel
384 4228 400 4266 e
430 4208 516 4284 gravi
548 4199 720 4283 corruptela
745 4203 904 4263 verborum
934 4204 1101 4282 dispicitur.
1148 4202 1253 4280 Quare

138 4311 266 4372 videbor
307 4312 379 4371 mihi
417 4332 504 4370 omne
545 4321 690 4390 punctum
731 4311 851 4383 tulisse,
901 4312 926 4370 si
959 4311 1059 4370 lenius
1098 4312 1252 4390 Roeper0,
