2760 4890
197 317 256 380 178
582 297 590 303 ’
625 328 881 378 coumcrnuun.

279 487 358 548 VIII
382 485 442 566 (40)
465 489 631 547 thditctem
646 508 684 547 un
699 491 841 563 partirem
857 494 965 564 pultum
977 455 1078 563 ¹coe'pit
1094 493 1166 548 inibi
1182 481 1314 565 uiderim.

261 622 328 684 'lx
348 623 408 702 (st)
464 626 539 682 Nom
562 625 639 698 quue'
657 594 794 684 ueniretur
814 626 861 684 liis
884 598 966 685 adest
984 626 1179 700 yuttdnttbus?

466 733 545 801 Quae
566 731 648 790 cristo
669 735 771 790 restis?
804 732 886 789 oetas
903 750 978 806 quae
1000 732 1248 791 adulescentium?

467 841 547 910 Quae
566 841 674 897 teneris
696 842 825 912 speeies?

195 979 297 1058 Atque
328 975 376 1034 his
403 975 526 1054 quidem
554 975 713 1055 quaerenti
738 972 776 1034 de
804 972 937 1033 ruditate
960 975 1111 1052 gallorum
1132 975 1315 1054 responderi

195 1093 331 1163 apparet.
387 1084 437 1140 Fr.
467 1081 546 1141 VIII
576 1080 671 1139 Nonii
703 1081 892 1160 exemplaria
921 1100 952 1159 p.
980 1089 1046 1156 487,
1075 1091 1109 1144 26
1132 1087 1315 1156 eruditatem

194 1191 341 1251 exhibent
365 1196 396 1246 et
417 1192 487 1246 miti
505 1193 603 1247 rideri.
640 1191 793 1245 ruditatem
815 1184 965 1247 Oeblerus
990 1189 1136 1260 correxit,
1168 1190 1218 1247 cui
1240 1187 1316 1269 quid

193 1305 328 1377 praestet
317 1296 473 1356 tPrelleri
486 1298 695 1372 procacitatem
716 1313 776 1353 non
798 1293 959 1381 intellego:
984 1293 1015 1352 id
1037 1295 1118 1373 quod
1140 1296 1213 1356 hinc
1228 1317 1315 1375 pror-

193 1425 244 1463 sus
267 1405 406 1474 alienum
424 1423 491 1464 esse
516 1401 594 1474 vidi,
616 1400 669 1460 ubi
690 1401 892 1480 fragmentum
913 1400 990 1460 illud
1012 1410 1107 1461 metro
1131 1413 1315 1506 conceptum

193 1513 289 1572 fuis'se
313 1512 455 1590 cognovi:
477 1510 509 1570 in
531 1510 578 1568 his
602 1509 683 1568 enim
705 1511 774 1567 milri
795 1513 893 1576 uideri,
917 1529 997 1588 quae
1013 1508 1165 1569 Oeblerus
1181 1501 1314 1569 commu·-

193 1621 271 1678 tavit
298 1635 365 1678 cum
396 1620 487 1690 eoepit
511 1618 593 1686 milri,
623 1619 765 1685 uererist,
803 1614 879 1672 nibil
901 1615 997 1674 latere
1021 1615 1127 1693 opiuor
1147 1616 1208 1673 nisi
1230 1615 1314 1695 quod

195 1725 319 1802 reposui
337 1727 407 1783 inibi
425 1725 560 1780 viderim.-
589 1721 698 1800 quibus
726 1721 858 1799 receptis
880 1720 951 1777 ilico
974 1719 1076 1798 prodit
1099 1741 1161 1779 non
1181 1722 1313 1781 reiecta-

194 1851 270 1890 neus
299 1830 489 1911 septenarius
511 1827 693 1887 trochaicus.
738 1827 789 1884 De
808 1830 913 1899 coepit,
938 1824 1018 1904 quod
1040 1834 1087 1885 est
1108 1831 1203 1900 coepit
1226 1847 1315 1902 quae·

194 1955 269 2008 rere,
292 1941 443 2006 sciscitari,
465 1933 579 1994 sufficit
601 1932 766 1992 contulisse
788 1929 932 1991 Ovidium
955 1932 986 1989 in
1009 1932 1095 1990 fastis
1114 1933 1158 1992 IV
1175 1943 1228 1997 215
1244 1914 1314 2016 ⁸⁴lq·

347 2076 489 2131 Desierat.
519 2074 615 2143 coepi.-
637 2071 710 2127 ‘cur
730 2071 798 2126 liuto
816 2086 908 2143 penus
922 2069 1008 2138 acre,
1030 2073 1126 2128 teones

374 2182 541 2237 ·Pruebent
562 2179 691 2234 insolitas
713 2178 752 2233 ud
772 2178 839 2247 iupa
860 2192 951 2232 curua
971 2164 1088 2233 iubust'

346 2289 505 2343 Desierunt.
529 2286 648 2356 coerciti
665 2281 788 2355 ‘feritas
809 2285 916 2340 mollito
935 2299 993 2356 per
1011 2287 1088 2341 illam

399 2390 555 2449 Creditur!

102 2591 105 2602 ,
195 2532 308 2588 Castum
331 2536 434 2587 restem
456 2545 535 2605 quae
558 2523 667 2583 dicitur
689 2521 725 2580 fr.
744 2522 794 2580 IX
812 2531 886 2602 puto
906 2521 945 2583 de
963 2509 1112 2603 gallorum
1125 2525 1234 2587 habitu
1247 2549 1312 2592 mu:

193 2635 283 2694 liebri
315 2630 571 2707 intellegendam:
614 2629 654 2690 cf.
686 2629 831 2689 Oreuzeri
865 2632 1013 2705 Symbolr'le
1046 2639 1107 2692 und
1136 2637 1313 2711 Mytlrolopie

195 2741 349 2812 (Deutsclre
370 2737 518 2810 Schriften
541 2736 607 2815 1¹2)
629 2757 658 2815 p.
680 2746 741 2802 364.
805 2754 808 2757 ·

278 2845 411 2902 Tantum
435 2848 481 2899 cst
507 2841 718 2920 reliquiarum,
753 2864 832 2924 quae
858 2841 898 2901 ad
921 2841 1062 2924 Cybelen
1088 2849 1244 2926 pertinere
1268 2850 1312 2908 vi·

194 2950 337 3010 deantur:
368 2967 457 3028 quam
480 2947 602 3026 quidem
624 2951 829 3011 narrationem
851 2971 972 3010 omnem
994 2952 1142 3013 credibile
1162 2963 1213 3014 est
1232 2956 1312 3015 Var-

117 3053 120 3058 ’
192 3076 295 3115 renem
324 3057 368 3114 ita
398 3055 582 3132 instituisse,
615 3067 648 3118 ut
682 3078 749 3118 cum
776 3076 886 3117 vanam
909 3079 975 3121 esse
999 3059 1146 3121 creditam
1170 3061 1249 3122 deae
1272 3062 1312 3122 ad

194 3160 361 3222 sanandum
390 3162 484 3220 animi
511 3162 643 3222 furorem
666 3163 835 3224 efficaciam
861 3165 1052 3239 ostenderet,
1076 3167 1166 3228 simul
1188 3171 1311 3228 univer·

192 3288 255 3328 sam
277 3289 344 3326 cum
368 3260 421 3327 illo
437 3270 549 3329 cultu
541 3280 676 3329 1unctam
701 3270 946 3346 superstitionem
966 3272 1081 3355 salibus
1101 3272 1311 3353 adspergeret.

192 3377 351 3455 Pergimus
378 3375 417 3435 ad
443 3377 597 3455 Serapim,
629 3375 667 3435 de
697 3377 783 3436 cuius
816 3377 973 3438 curatione
1000 3379 1078 3439 haec
1100 3399 1235 3440 vesanus
1259 3381 1311 3440 ille

194 3483 362 3562 expromit.

276 3621 308 3679 X
326 3620 387 3696 (18)
402 3619 442 3676 In
455 3622 561 3676 somnis
577 3623 660 3689 venit,
677 3622 752 3677 iubet
768 3637 811 3678 me
826 3638 926 3694 cepam
942 3639 1004 3679 esse
1019 3631 1047 3680 et
1062 3625 1138 3681 vesci
1154 3626 1310 3682 cuminum.

276 3757 325 3815 XI
348 3753 410 3833 (20)
438 3757 521 3812 Nune
551 3759 585 3812 rte
613 3764 653 3824 te,
681 3759 786 3829 inquit,
816 3751 1010 3816 meliusculam
1032 3776 1111 3832 spem
1130 3761 1235 3830 liabeo,
1263 3764 1313 3833 qui

192 3879 252 3919 rem
275 3866 491 3935 spurcissimam
510 3869 630 3936 quatere
650 3865 799 3920 noluerim.

51 3976 54 3981 ’
90 4037 94 4043 ,
192 3997 316 4055 Interim
340 3995 474 4070 accedit,
504 3997 557 4076 qui
578 3996 666 4061 istam
691 3997 789 4056 insani
810 3996 1024 4058 credulitatem
1042 3998 1187 4076 castigat,
1219 4001 1310 4080 eique

193 4101 282 4160 aliam
305 4111 335 4161 et
357 4102 513 4163 meliorem
533 4104 699 4163 sanationis
719 4105 800 4164 viam
820 4103 952 4164 indIcat:

278 4220 342 4279 XII
364 4220 424 4299 (16)
450 4223 529 4298 ‘Epo
550 4226 699 4294 medicine,
723 4225 836 4297 Serapi,
857 4224 939 4282 utor'
962 4224 1075 4281 cottidie
1093 4233 1228 4296 preeunt.
1265 4229 1308 4282 in-

193 4329 291 4401 telteyo
312 4336 389 4385 recte
409 4333 548 4422 scriptum
570 4346 631 4387 esse
653 4332 772 4404 Delphis
794 4334 867 4386 Θεωι
888 4335 949 4384 Heu.
