2760 4890
516 322 770 372 centecimum.

83 491 304 571 Quem-supra
325 509 356 567 p.
375 496 411 551 80
432 484 623 566 recuperavi.

192 647 224 706 p.
244 635 297 689 2¹3
335 624 472 682 Sensibus
493 621 603 680 crassis
623 623 741 679 bomulb'
761 623 818 678 aba
842 626 966 683 aidenru'
989 631 1060 703 qm'd
1078 634 1145 706 sint.

83 763 233 845 cidemuss
243 760 458 821 Lachmannus
486 758 526 818 ad
552 757 687 817 Lucretii
708 757 724 815 Ι
746 767 806 820 186.
836 763 961 820 videmus
980 767 1083 845 vulgo.
1114 777 1202 829 sensi.

81 875 138 930 bus
159 866 334 929 Meinekius
358 874 388 927 et
408 865 636 926 Lachmaunus:
659 868 774 924 senibus
794 865 864 925 libri
882 855 978 929 'Nonii
999 894 1030 952 p.
1050 885 1099 949 86,
1124 889 1166 940 24,

193 1025 224 1084 p.
248 1013 299 1092 227
335 1003 398 1075 Qea'
418 1006 560 1076 voluptate
582 1002 713 1083 civitatis
735 1003 872 1062 (intimum
890 1009 983 1082 abripit
1006 1011 1116 1069 indicna.

82 1143 226 1221 Agnovit
246 1140 430 1212 Meiuekins,
453 1147 486 1197 ut
506 1138 660 1216 proximos
684 1137 775 1198 duos:

193 1298 224 1358 p.
246 1286 296 1342 231
333 1277 395 1336 Ne'c
416 1291 554 1335 coruscus
576 1274 666 1332 imber
689 1278 746 1334 alto
769 1279 864 1336 abbibo
884 1258 992 1339 cadens
1014 1287 1119 1343 multus

275 1460 277 1465 Ι
335 1382 483 1441 Grdndine
503 1381 667 1455 implicitus
689 1385 760 1440 albo.

343 1471 349 1503 Ι

192 1541 223 1600 p.
248 1528 298 1584 157
335 1520 450 1577 Ne'mr’ni
466 1517 590 1591 soricino
611 1536 730 1577 currum
752 1541 769 1577 n
791 1520 911 1581 cn'rcere
931 1529 1028 1584 intimo'
1050 1529 1166 1586 missam

279 1620 282 1626 ’
333 1626 405 1685 bibi
420 1628 592 1699 inoffensbm
605 1645 664 1701 per
676 1646 784 1703 aequor
797 1631 950 1690 ccindidam
964 1636 1117 1693 adcalce'm
1128 1637 1202 1695 sicit.

82 1763 150 1824 Sed
173 1762 281 1823 horum
304 1763 381 1823 alter
410 1783 464 1836 eo,
491 1765 572 1842 quod
600 1765 752 1845 spondeus
775 1776 913 1827 estante
934 1771 1045 1849 pedem
1065 1744 1203 1833 ultimum

82 1891 140 1950 pro
163 1867 277 1942 iambe,
302 1870 437 1930 deflectit
457 1872 614 1931 nonnihil
638 1894 656 1931 a
676 1876 840 1935 severitate
862 1878 1056 1956 reliquorum,
1078 1899 1136 1937 nec
1158 1887 1202 1937 ta·

83 1998 158 2038 men
178 1976 300 2037 videtur
321 1977 360 2037 de
381 1977 556 2055 integritate
579 1981 741 2039 memoriae
764 1980 895 2041 dubitari
916 2002 1017 2060 pesse,
1043 1993 1076 2042 nt
1096 1985 1201 2063 paullo

83 2087 226 2146 severius
256 2083 399 2145 iudicarit
435 2084 649 2144 Lachmannus
680 2085 718 2145 ad
749 2085 885 2145 Lucretii
913 2088 929 2145 Ι
960 2097 1018 2151 186.
1062 2087 1202 2147 Alterum

85 2192 226 2253 eiusdem
251 2191 395 2269 licentiae
418 2190 590 2270 exemplum
616 2191 754 2277 itachius
774 2191 901 2270 protulit
923 2193 954 2250 in
976 2194 1201 2253 exercitationi-

83 2300 143 2360 bus
165 2320 197 2380 Ρ.
219 2307 268 2363 29:

190 2439 221 2498 Ρ.
242 2426 296 2481 mc
329 2419 417 2476 Hinc
438 2433 523 2476 vocas
546 2417 690 2491 eliquida
712 2421 770 2476 vita
791 2422 820 2476 br
837 2421 937 2477 ebriae
953 2418 1067 2478 vestrae'
1078 2419 1201 2493 sae'ccm.

85 2555 151 2616 Sed
171 2554 223 2615 hie
245 2576 306 2614 non
324 2554 383 2613 hoe
404 2574 463 2613 uno
483 2553 604 2612 nemine
621 2574 639 2613 a
659 2556 847 2633 superiorum
865 2518 1110 2629 norma·recedit,
1135 2576 1202 2614 cum

84 2666 117 2723 in
139 2663 278 2723 secunda
300 2660 423 2740 dipodia
444 2682 498 2741 pro
522 2662 666 2721 trochaeo
688 2683 764 2741 puro
783 2662 896 2722 habeat
911 2669 1117 2741 anapaestum.
1139 2663 1201 2722 Ne·
1294 2668 1299 2680 '

85 2772 172 2848 gavit
193 2768 317 2852 quidem
337 2769 509 2830 Meinekius
529 2770 699 2830 Varronem
725 2770 819 2829 ullam
846 2769 904 2830 sibi
925 2771 1106 2830 solutionem
1127 2771 1203 2830 arsis

85 2879 117 2937 in
144 2876 204 2937 hoc
224 2897 338 2955 genere
362 2897 505 2937 versuum
525 2877 717 2956 permisisse:
753 2879 864 2936 iniuria
885 2879 1007 2956 opinor,
1038 2878 1120 2957 quod
1141 2898 1201 2937 non

86 2985 144 3044 hoc
166 2985 220 3066 qui
240 2984 301 3064 ipsi
320 2983 475 3044 Meinekio
499 2982 626 3043 debetur
649 3004 741 3042 versu
764 2983 973 3063 approbarim:

194 3141 224 3200 Ρ.
247 3129 300 3184 213
337 3093 371 3180 u't
392 3123 485 3178 nitens
503 3122 626 3194 pectinis
647 3123 736 3178 collus
757 3119 831 3178 nibil
855 3122 1038 3179 extrinsecis
1059 3122 1183 3177 sumens.

88 3259 118 3318 iu
136 3278 197 3338 quo
220 3259 247 3318 si
264 3261 386 3332 paconi’
412 3265 443 3316 et
466 3259 507 3313 nil
529 3257 685 3331 scribitur,
715 3265 849 3315 ceterum
872 3256 1013 3315 convenit
1033 3254 1200 3327 severitati,

88 3365 145 3423 nisi
171 3363 254 3445 quod
276 3365 385 3424 tertiae
408 3363 550 3443 dipodiae
575 3364 671 3422 thesis
694 3364 790 3443 prima
810 3362 1000 3442 producitur,
1023 3371 1056 3420 ut
1077 3383 1201 3442 prorsus

89 3470 227 3546 geminus
248 3470 288 3529 sit
306 3469 376 3528 huic
398 3470 548 3549 exemplo,
572 3468 654 3549 quod
675 3469 756 3528 idem
775 3468 947 3529 Meinekius
969 3467 1172 3546 recuperavit,

194 3626 226 3686 p.
248 3614 301 3669 213
330 3606 379 3665 Sic
401 3609 483 3664 canis
500 3610 535 3680 fit
557 3607 701 3675 bratello,
725 3606 768 3664 sic
787 3624 802 3663 6
825 3607 918 3662 tritico
940 3605 1030 3678 spica.

90 3743 150 3803 Sed
179 3763 240 3824 qno
267 3762 307 3802 ne
335 3764 353 3803 a
385 3742 535 3803 solutione
564 3744 640 3801 arsis
668 3742 790 3821 quidem
820 3741 1004 3801 abstinuisse
1033 3741 1202 3800 Varronem

89 3850 249 3929 probetur,
277 3848 328 3908 hic
354 3867 462 3923 versus
485 3856 532 3907 est
559 3849 718 3907 aKochio
739 3856 937 3927 recuperatus
958 3848 989 3905 in
1009 3846 1200 3904 exercitatio-

88 3955 176 4016 nibus
199 3977 231 4037 p.
251 3965 301 4020 31:

193 4097 223 4155 Ρ.
247 4083 300 4139 234
334 4075 403 4134 oum
422 4092 513 4150 ireque
531 4083 629 4149 aptam
645 4075 735 4132 millis
747 4076 854 4132 umeris
864 4073 987 4147 fibulam
1000 4075 1087 4147 raptis
1097 4073 1201 4147 fe'rrnt.

91 4215 143 4293 qui
171 4233 240 4272 cum
269 4213 446 4293 ceteroquin
478 4212 558 4270 omni
584 4209 737 4287 elegantia
764 4210 853 4283 fluat,
891 4209 1021 4268 solutam
1048 4205 1200 4267 secundae

90 4321 233 4402 dipodiae
252 4320 344 4381 arsim
364 4317 502 4399 praebet
546 4319 589 4377 Ut
608 4337 646 4376 ne
669 4316 707 4375 de
729 4317 825 4375 altero
846 4314 969 4394 quidem
989 4313 1041 4373 illo
1063 4310 1201 4389 exemplo
1243 4360 1258 4377 ,

249 4530 286 4589 θ
