2760 4890
501 321 756 370 censorium.
1128 306 1189 368 207

42 476 230 537 ‘turbarum
252 477 303 537 vel
325 479 457 538 rixarum
477 481 528 539 vel
551 481 655 539 nescio
678 480 764 539 cuius
785 478 913 557 periculi
937 480 1059 538 oriatur.
1100 477 1188 556 Quae
1252 464 1255 469 ¹

72 584 196 663 quidem
225 585 316 644 valde
345 587 484 664 apposita
512 586 588 645 ratio
615 587 793 646 obscuratur
820 586 891 645 ilico
917 585 1001 644 iuxta
1023 585 1123 662 posita
1144 586 1188 642 in-

73 691 237 769 scriptione
259 688 326 770 nepl
348 682 521 768 ἐδεσμάτων.
553 695 603 752 Ita
625 712 692 751 cum
714 692 788 751 illac
805 692 1017 769 inscriptiones
1034 691 1189 769 segregari

73 799 175 883 potius
202 818 292 877 quarn
320 796 454 875 copulari
482 799 632 875 gestiant,
662 800 753 857 etiam
777 804 896 856 saturas
919 796 1002 875 ipsas
1021 796 1113 855 valde
1134 817 1190 856 sua

74 904 314 962 conformatione
343 902 480 962 diversas
518 924 535 962 e
564 905 658 964 Gellii
686 903 866 963 testimoniis
898 902 1061 985 informare
1091 904 1188 962 animo

64 1007 155 1066 licet.
200 1010 276 1067 Eius
306 1010 354 1066 cui
383 1009 552 1085 praefixum
577 1009 771 1091 proverbium
800 1017 879 1081 erat,
915 1028 1006 1087 supra
1037 1009 1189 1068 delineari

72 1115 232 1172 materiam
262 1113 397 1174 Gellium
427 1124 565 1176 secutus:
592 1138 650 1176 nec
673 1118 769 1194 magis
797 1116 828 1173 in
850 1114 979 1173 obscuro
1002 1123 1050 1173 cst
1070 1114 1189 1193 species
1267 1170 1269 1174 ,

74 1218 199 1277 alterius
223 1219 260 1277 de
283 1239 343 1299 qua
364 1220 441 1279 haec
465 1222 570 1281 scribit
591 1223 710 1282 Gellius
731 1222 777 1282 VI
793 1230 834 1293 16,
853 1230 865 1280 l
883 1239 949 1299 sqq.
981 1222 1021 1279 M.
1049 1223 1142 1278 Varro
1160 1225 1189 1279 in

71 1334 192 1394 satura,
215 1344 302 1398 quam
323 1322 390 1405 περὶ
412 1321 576 1404 ἐδεσμάτων
596 1332 759 1401 inscripsit,
786 1331 878 1402 lepide
901 1331 1050 1384 admodum
1073 1334 1101 1383 et
1121 1331 1190 1383 scite
1243 1389 1245 1391 ,

70 1431 160 1504 factis
194 1434 323 1488 uersibus
350 1420 488 1491 cenarum
515 1425 676 1509 euquisilas
709 1436 827 1492 delicias
854 1435 1077 1506 comprehendit.
1122 1452 1188 1490 nam

68 1540 213 1609 pleraque
241 1541 271 1593 id
295 1541 415 1629 penus&
429 1559 503 1614 qnae
528 1544 654 1598 elinones
680 1543 728 1598 isti
754 1549 835 1598 terra
859 1549 886 1597 et
911 1543 989 1596 mari
1004 1543 1188 1611 conquirunt,

72 1647 208 1715 exposuit
237 1647 408 1719 inclusitque
437 1650 466 1703 in
496 1664 631 1703 numeros
657 1652 797 1704 senarios.
842 1656 869 1704 et
896 1651 974 1718 ipsos
993 1649 1105 1719 quidem
1126 1663 1189 1702 ver-

72 1767 137 1820 sus,
165 1753 214 1806 cui
235 1753 412 1822 alienent,
437 1757 466 1810 in
488 1757 569 1821 libro,
595 1771 651 1825 quo
671 1756 743 1821 diui,
759 1756 870 1824 positos
892 1756 983 1826 leant:
1007 1769 1115 1831 yeneno
1138 1771 1189 1808 aa·

72 1865 127 1914 tem
155 1862 326 1930 nominaque
354 1863 478 1917 edulium
508 1866 536 1915 et
556 1861 697 1915 domicilia
719 1861 847 1916 ciborum
869 1862 997 1916 omnibus
1019 1863 1083 1916 aliis
1102 1876 1190 1931 prae·

70 1967 196 2033 stantia,
218 1980 304 2036 ¹qnae
327 1966 481 2038 profunda
509 1968 647 2038 inplunies
674 1968 835 2038 aestuavit,
867 1983 941 2037 quac
974 1966 1067 2022 Varro
1088 1967 1190 2036 obpro·

72 2073 164 2126 bnans
185 2079 325 2127 enecatus
344 2079 395 2142 est,
416 2073 488 2128 baec
507 2079 575 2128 sunit
589 2070 692 2142 ferme,
715 2081 854 2143 quantum
869 2075 949 2128 nobis
964 2075 1115 2129 memoriae
1133 2078 1189 2127 est:

69 2195 167 2250 panus
194 2195 209 2235 e
238 2179 337 2246 Sarno,
367 2179 496 2250 Pbrypia
524 2187 675 2250 sclopano,
703 2195 791 2250 praes
813 2180 934 2235 Melicae
961 2198 986 2236 e.
1009 2199 1039 2257 q.
1063 2197 1087 2235 s.
1134 2175 1190 2234 Cui

72 2283 121 2340 his
142 2302 203 2340 non
222 2284 253 2340 in
274 2290 406 2340 mentem
428 2292 577 2342 vocantur
594 2284 685 2342 Ennii
703 2284 970 2365 Hedyphagetica,
994 2303 1121 2362 quorum
1136 2301 1189 2358 ap-

72 2388 174 2466 posite
198 2387 350 2448 Oehlerus
374 2391 558 2449 mentionem
585 2389 674 2461 fecit,
703 2392 754 2450 vel
780 2393 884 2451 Catius
907 2389 1093 2449 Horatianus
1118 2384 1188 2464 (sat.

73 2496 106 2552 ΙΙ
135 2493 181 2572 4),
212 2515 300 2573 quem
334 2497 391 2555 fuit
424 2498 475 2577 qui
506 2517 543 2556 ex
574 2497 719 2575 opusculo
748 2499 894 2558 Varronis
920 2496 1037 2555 colores
1066 2492 1190 2551 duxisse

74 2600 265 2678 opinaretur:
297 2602 336 2660 ef.
365 2602 509 2662 Teuffelii
535 2624 642 2663 comm.
667 2626 697 2683 p.
728 2613 794 2666 121:
825 2625 843 2662 a
865 2603 951 2662 Oatio
976 2609 1074 2661 autem
1095 2620 1189 2678 quan-

72 2714 137 2765 tum
161 2706 254 2767 distat
273 2707 409 2766 eiusdem
428 2709 549 2767 Horatii
573 2730 650 2795 cena
671 2710 832 2769 Nasidieni
856 2707 902 2787 (ΙΙ
921 2709 965 2787 8),
988 2717 1106 2766 tantum
1125 2706 1190 2764 fere

73 2837 93 2875 a
115 2824 220 2874 satura
241 2810 308 2892 περὶ
331 2807 496 2891 ἐδεσμάτων
518 2815 710 2895 discrepasse
732 2816 815 2874 illam
831 2817 1002 2894 putaverim
1024 2813 1072 2872 cui
1092 2816 1192 2870 Nescis

73 2943 102 2981 e.
123 2943 153 3002 q.
181 2942 205 2982 s.
228 2920 375 3000 inscripta
397 2921 527 3004 fuerunt.
571 2921 622 2978 Ita
644 2924 749 2981 nescio
772 2942 811 2980 an
833 2943 893 2981 non
916 2922 988 2980 mihi
1010 2928 1127 2980 tantum
1146 2920 1191 2978 vi·

76 3026 151 3085 dear
171 3027 276 3105 paullo
302 3027 392 3106 plura
412 3035 442 3084 et
463 3028 614 3102 graviora,
638 3026 746 3105 quibus
770 3048 873 3088 earum
890 3027 1051 3087 diversitas
1074 3037 1190 3086 satura·

74 3154 142 3192 rum
165 3135 332 3203 evincatur,
355 3132 528 3210 protulisse,
552 3153 642 3212 quam
662 3155 681 3192 a
694 3135 863 3215 Mercklino
879 3137 910 3194 in
925 3136 1107 3194 contrariam
1122 3153 1190 3191 sen-

72 3242 201 3299 tentiam
227 3241 322 3300 allata
349 3218 439 3296 sunt}
462 3239 545 3319 quod
569 3260 642 3299 vero
669 3241 843 3319 primarium
862 3241 945 3299 illius
968 3240 1116 3319 opinionis
1137 3239 1191 3295 im-

71 3344 280 3425 pedimentum
311 3353 374 3417 est,
414 3343 509 3404 Gellii
537 3345 604 3403 dico
633 3345 765 3424 duplicia
799 3347 985 3420 testimonia,
1013 3346 1045 3405 id
1067 3343 1191 3424 quidem

71 3453 178 3532 paullo
203 3428 402 3531 expeditiore,
425 3458 459 3509 ut
475 3451 548 3509 mihi
569 3451 698 3526 videtur,
721 3452 801 3532 pede
820 3452 1007 3512 Merclrlinus
1029 3451 1190 3511 transiluit.

71 3560 196 3618 Etenim
224 3558 343 3637 Gellius
375 3557 488 3616 nullam
518 3557 640 3636 quidem
669 3567 839 3618 saturarum
868 3561 928 3618 suis
952 3558 1069 3618 duobus
1096 3557 1192 3616 titulis

73 3667 198 3738 citavit,
226 3664 281 3723 sed
309 3675 343 3725 ut
371 3686 431 3723 non
461 3665 553 3723 fuerit
579 3672 641 3748 tam
664 3673 824 3725 accuratus
847 3686 883 3724 ac
908 3665 1038 3742 diligens
1060 3665 1092 3722 in
1116 3662 1191 3722 alle-

72 3771 183 3848 gandis
202 3772 411 3849 scriptoribus,
435 3791 526 3852 quam
549 3770 633 3829 visus
657 3780 703 3830 est
718 3771 888 3853 Ritschelio
914 3771 960 3848 (in
982 3791 1062 3829 novo
1086 3789 1190 3828 museo

71 3879 173 3938 Rhen.
191 3880 236 3938 VI
251 3900 280 3957 p.
298 3887 365 3954 5173
389 3878 428 3937 cf.
446 3876 633 3938 Mereklinus
657 3877 677 3937 l.
702 3899 727 3937 c.
747 3898 777 3955 p.
796 3876 871 3955 378),
894 3883 996 3936 tamen
1018 3877 1075 3935 hoc
1100 3867 1202 3952 aegre

72 3985 147 4044 mihi
174 3984 345 4064 persuadeo
374 3984 502 4043 eundem
527 3983 660 4042 Gellium
687 3984 824 4042 eiusdem
849 3995 970 4041 saturae
992 3981 1039 4040 bis
1062 3982 1192 4059 priorem

72 4090 120 4150 bis
137 4093 279 4168 ,alteram
305 4092 532 4171 inscriptionem
561 4090 715 4150 citavisse.
768 4091 831 4150 Sed
861 4090 934 4170 quid
962 4090 1030 4162 fiet,
1064 4087 1192 4167 inquies,

72 4198 262 4277 simplicibus
285 4200 352 4258 istis
376 4198 492 4257 titulis?
522 4196 706 4274 Respondeo
727 4198 864 4275 potuisse
886 4195 951 4255 fieri
966 4205 1000 4254 ut
1018 4215 1105 4254 suum
1118 4193 1190 4253 utri-

73 4282 133 4384 que
158 4305 398 4365 additamentum
418 4304 512 4366 Gellii
536 4303 629 4381 culpa
652 4302 887 4363 desideraretur.
