2760 4890
194 347 253 408 153
571 400 573 404 ,
622 358 877 408 commoremur.
977 336 980 341 ’

276 520 410 576 Tantum
433 516 471 575 de
492 517 550 576 hac
572 525 659 595 parte
682 517 840 597 colloquii:
872 517 984 590 altera,
1011 536 1102 596 quam
1124 518 1307 595 elgnificavi,

192 626 304 684 cultum
331 623 461 682 vestitus
486 622 671 700 attingebat,
709 642 798 703 quem
827 624 926 683 Varro
953 623 1051 683 etiam·
1068 625 1099 683 in
1128 630 1216 683 Moom
1238 646 1307 705 per-

164 731 324 790 .strinxit:
353 728 478 806 videp
501 737 544 791 33
589 729 637 786 Ex
660 749 696 787 eo
717 749 831 806 genere
851 731 884 788 in
905 730 964 789 hac
987 738 1092 790 satura
1111 751 1205 790 unum
1224 731 1307 808 frag:

190 843 323 894 mentum
342 832 641 913 superceteetillud
660 834 790 913 quidem,
813 836 934 896 nisime
951 820 1190 917 lalliteuepitio,
1214 836 1307 897 foede

189 942 220 1000 in
221 940 353 1020 tterpola
353 960 418 998 um:

275 1094 358 1153 XIII
380 1090 442 1169 (10)
467 1093 546 1150 Nibil
566 1077 657 1166 mocio
679 1097 779 1150 decere
800 1098 946 1186 mulierem
967 1113 1053 1168 quom
1068 1098 1104 1154 de
1118 1099 1253 1155 muliebri
1266 1101 1306 1154 ri-

190 1205 264 1260 cim'c
281 1204 405 1275 pallium
425 1202 559 1272 simplem.

189 1353 307 1412 Nonius
334 1373 364 1430 p.
384 1359 450 1422 542,
474 1361 491 1413 3
513 1352 556 1408 ita
579 1348 697 1408 scribit:
724 1351 914 1423 ‘Iliciuium’,
937 1358 1014 1427 quod
1033 1373 1110 1413 nuuc
1131 1355 1306 1429 mofurtium

188 1464 302 1528 dicitur,
320 1461 477 1531 polleolum
496 1457 652 1544 femineum
673 1459 766 1515 breue.
805 1459 900 1518 Vorro
923 1463 995 1536 Tose
1013 1463 1171 1534 Menippus
1198 1462 1307 1520 nibilo

189 1568 292 1639 mucis·
300 1568 396 1627 dicere
417 1568 562 1633 muliebre,
586 1568 724 1638 quamde
744 1568 875 1629 muliebri
895 1569 996 1626 riciuio
1011 1569 1140 1675 malleum
1155 1573 1305 1642 simplex’

188 1673 269 1729 Idem
290 1675 325 1729 dc
345 1675 401 1730 vito
420 1674 453 1729 P
476 1672 513 1728 ll
537 1674 582 1728 lib.
604 1673 625 1728 Ι
650 1673 695 1729 ‘el
722 1691 777 1746 quo
800 1675 967 1730 mulieres
955 1691 985 1730 m
1008 1675 1138 1732 aduersis
1160 1677 1248 1733 rebus
1271 1694 1307 1733 ce

188 1779 324 1845 ludebat,
354 1795 418 1835 cum
445 1796 554 1836 omnem
576 1783 704 1837 uestitum
727 1783 920 1838 delicatiorem
946 1797 981 1836 oo
1002 1783 1183 1838 luxoriosum
1200 1789 1307 1854 posteo

186 1887 345 1942 institutum
378 1894 503 1957 ponunt,
525 1890 645 1952 ‚ricinia
678 1888 816 1945 sumunt?
873 1885 912 1943 In
946 1882 990 1942 eis
1021 1887 1186 1957 palliolum,
1225 1889 1307 1957 nibil,

188 1994 290 2048 decere
316 1993 478 2064 mulierem,
508 1995 629 2064 pallium
656 1992 830 2068 modiolum)
859 1990 930 2050 olim
959 1976 1097 2049 correcta
1118 2000 1198 2053 sunt.
1246 1995 1304 2054 Oe·

187 2105 286 2156 terum
318 2097 536 2176 acquieverunt
567 2098 598 2156 in
634 2097 920 2176 traditaacriptura
952 2114 1019 2153 cum
1048 2095 1101 2155 alii
1126 2108 1192 2158 tum
1221 2100 1304 2162 Och-

186 2203 278 2273 lenm,
303 2203 354 2281 qui
376 2221 415 2261 ne
436 2201 530 2261 verbo
551 2203 673 2282 quidem
694 2203 868 2264 intellectui
886 2202 1013 2261 aliorum
1032 2204 1174 2281 providit.
1212 2207 1304 2267 Atta-

150 2364 151 2367 ,
188 2329 258 2368 men
285 2329 352 2368 cum
372 2309 490 2368 Nonius
511 2310 656 2385 affirmet,
676 2312 814 2370 ricinium
836 2328 904 2368 esee
923 2307 1080 2387 palliolum
1099 2308 1130 2369 h.
1154 2330 1181 2370 e.
1205 2313 1304 2391 aperie

187 2426 319 2475 mentum
343 2416 450 2494 capitis
474 2417 620 2476 muliebre
648 2416 701 2495 (cf.
731 2397 901 2475 Heiniichii
930 2433 1035 2473 comm.
1064 2413 1096 2473 in
1122 2415 1305 2477 Iuvenalem

187 2544 217 2602 p.
242 2520 316 2599 136),
339 2521 517 2582 mirabiliter
537 2523 659 2596 accidit,
682 2521 764 2601 quod
782 2514 1044 2581 Varronis'uerba
1065 2514 1230 2581 discrimen
1248 2522 1305 2581 ali-

77 2616 111 2645 ·’
187 2626 269 2706 quod
289 2626 448 2707 palliolum
473 2630 551 2689 inter
580 2637 610 2690 et
630 2629 770 2688 ricinium
790 2626 926 2685 indicare
947 2624 1099 2684 videntur.
1135 2621 1306 2687 Praetereo

186 2731 362 2813 nescioqui
384 2733 442 2792 sibi
463 2737 562 2794 animo
585 2734 817 2795 informaverint
837 2733 917 2791 hanc
939 2733 1072 2811 speciem
1091 2733 1238 2792 vestitus:
1268 2738 1305 2792 de

187 2840 319 2896 muliebri
341 2843 442 2899 ricinio
465 2846 615 2916 palliolum
647 2843 781 2915 simplem.
826 2836 909 2918 Quid
936 2837 1013 2896 mult
1014 2837 1054 2896 a?
1103 2839 1192 2899 Haec
1216 2861 1304 2915 quom

184 2949 304 3018 pellium
327 2950 451 3020 simplex
477 2946 572 3006 reddo
595 2947 624 3006 ei
648 2949 695 3005 cui
717 2945 874 3016 debentur,
895 2944 1191 3026 interpolatorum}
1210 2946 1304 3006 Nonii

180 3050 298 3109 lemma
327 3059 448 3110 secutus
480 3056 613 3111 ricinium
642 3052 797 3132 explicuit.
847 3050 965 3130 Quibus
995 3069 1063 3108 cum
1085 3048 1155 3109 ide
1183 3053 1227 3124 (id
1246 3051 1302 3129 est)

185 3158 387 3234 praemissum
414 3159 521 3231 fuerit,
549 3159 620 3219 inde
648 3158 839 3219 incommoda
860 3161 896 3215 de
918 3156 1040 3236 syllaba
1063 3165 1130 3216 orta
1153 3164 1214 3216 eet:
1243 3159 1303 3217 nisi

186 3263 253 3342 quis
290 3265 377 3323 malit
416 3283 468 3324 eae
506 3265 624 3324 litteras
658 3286 750 3344 supra
782 3269 878 3323 dicere
911 3282 930 3320 a
963 3270 1140 3322 correctore¹
1172 3264 1302 3342 scriptae

185 3368 290 3428 finisse.
323 3346 386 3428 'Sed
402 3370 461 3429 hoc
480 3379 547 3429 utut
569 3380 624 3437 cst,
649 3370 689 3429 ad
712 3371 882 3430 Varronem
903 3368 981 3428 haec
1003 3367 1213 3428 tantummodo
1232 3389 1301 3446 pcr-

184 3475 301 3533 tinent:
337 3478 425 3533 nibilo
453 3480 545 3551 mucis
570 3480 665 3535 dicere
692 3478 827 3534 muliebre
855 3479 987 3534 muliebri
1014 3478 1125 3534 ricinia.
1181 3475 1302 3554 Quibus

184 3578 235 3637 ubi
253 3580 340 3638 leves
364 3581 512 3660 quaedam
533 3580 691 3640 labeculas
714 3581 910 3655 absterseris,
935 3591 966 3642 et
987 3581 1139 3641 sententia
1161 3583 1300 3658 emergit,

185 3694 216 3744 et
242 3706 301 3766 quo
327 3706 388 3744 nou
411 3685 604 3745 mediocriter
632 3708 731 3747 meam
758 3688 897 3748 adiuvari
927 3688 1131 3748 coniecturam
1159 3686 1300 3759 arbitror,

114 3867 119 3875 .
183 3791 295 3869 probus
317 3791 503 3852 versiculus:

336 3945 417 4002 Nibil
438 3927 648 4021 moqicdece're
670 3948 817 4004 muliere'm
840 3949 971 4004 muliebri
988 3945 1090 4004 ricinia

183 4096 249 4155 sive
273 4097 323 4153 Nil
343 4100 434 4171 modis
454 4091 813 4178 trochaicoseptenario.

267 4221 456 4279 Devenimus
485 4220 525 4279 ad
555 4221 699 4301 colloquii
723 4221 824 4280 locum
844 4221 980 4294 tertium,
1005 4221 1088 4281 cuiue
1110 4223 1207 4281 maior
1227 4242 1299 4302 pars

63 4318 69 4328 ’
181 4325 379 4406 reliquiarum
407 4333 505 4385 extat:
533 4346 624 4405 quem
653 4327 691 4387 de
718 4328 924 4388 aedificiorum
944 4337 1096 4387 structura
1113 4347 1186 4389 esee
1205 4328 1298 4407 signi·
