2760 4890
130 311 171 377 52
555 320 815 372 conuersum.
910 324 914 344 ¹

129 486 242 546 ficavit.
271 485 369 546 Video
387 503 425 544 ea
447 482 487 543 ad
498 464 643 543 Va'rronis
663 480 759 541 verba
772 481 811 540 ab
824 480 989 542 editoribus
1003 482 1126 544 referri:
1143 490 1250 565 quain-

131 612 223 674 quam
242 591 363 664 mirere,
383 610 443 649 non
464 588 494 648 ei
509 588 579 650 voci
599 588 680 647 hanc
698 588 837 647 notitiam
853 587 935 661 addi,
955 588 1103 670 adquam
1117 593 1251 652 maxime

129 696 311 776 pertinebat.
357 697 432 756 Tria
460 694 556 767 enirn,
585 694 637 753 vel
660 692 686 753 si
711 702 814 754 tamen
840 699 1000 771 prandibus
1026 703 1191 772 superciliis
1212 703 1251 756 si-

129 808 221 863 lonem
244 803 455 882 coniungenda
476 812 555 874 sunt,
579 801 648 874 duo,
672 800 780 881 quibus
801 822 934 880 persona
954 805 1089 866 Socratis
1108 805 1251 882 designe-

129 917 187 982 tur,
209 909 321 968 indicia
344 910 488 970 eduntur:
510 912 670 986 precudibus
689 912 864 982 superciliis,
886 917 952 983 silo,
975 914 1153 988 quadratus:
1177 930 1251 991 quo-

128 1036 194 1075 rum
211 1017 270 1075 hoc
291 1027 477 1096 postremum
496 1014 690 1087 mediocrem,
713 1034 775 1073 non
794 1017 942 1091 gracilem
963 1038 1021 1077 nec
1045 1017 1171 1077 obesam
1192 1016 1252 1074 viri

129 1132 275 1182 staturam
304 1124 442 1204 depingit
474 1122 527 1201 (of.
552 1121 594 1180 H.
618 1118 744 1179 Brunnii
766 1123 865 1181 Geren.
889 1128 916 1182 d.
939 1128 1047 1200 priecb.
1067 1123 1249 1184 KdnstlerI

129 1251 157 1308 p.
182 1231 265 1309 220):
293 1238 328 1288 ut
354 1231 425 1290 huic
453 1229 575 1311 quidem
598 1227 732 1307 epitheto
754 1249 860 1307 parum
880 1239 952 1310 apte
972 1230 1175 1308 subiungatur
1196 1229 1252 1288 illa

131 1335 169 1394 de
203 1335 300 1396 Sileni
332 1335 505 1417 superciliis
533 1334 699 1394 adnotatio.
745 1334 834 1412 Quae
863 1336 936 1395 mihi
969 1337 1089 1398 videtur
1116 1345 1169 1395 aut
1192 1335 1253 1415 ipsi
1293 1392 1297 1399 .

128 1441 228 1502 Nonio
259 1440 365 1501 deberi
395 1442 478 1521 (vide
505 1443 617 1502 similia
643 1442 858 1507 additamenta
883 1464 912 1522 p.
942 1453 1009 1517 140,
1033 1454 1081 1519 303
1108 1452 1175 1516 149,
1199 1451 1249 1517 293

130 1559 197 1622 181,
227 1560 261 1611 10
282 1549 354 1629 ab),
384 1558 437 1609 aut
462 1549 572 1621 sciolo,
609 1546 661 1628 qui
688 1547 861 1607 Nonianum
885 1548 990 1609 silonis
1016 1548 1252 1628 explicationem

131 1655 284 1730 affirmare
312 1655 365 1714 vel
392 1655 544 1734 complere
574 1651 726 1712 studebat.
771 1655 918 1714 Varronis
937 1655 1060 1736 quidem
1079 1654 1161 1713 haec
1184 1662 1250 1712 tan-

129 1768 193 1819 tum
222 1782 290 1821 esse
317 1762 464 1822 arbitror:
492 1777 587 1819 nonne
614 1762 755 1818 bominem
781 1765 911 1821 scribunt
937 1781 999 1821 esse
1021 1763 1182 1836 prenditur
1203 1778 1251 1818 su·

126 1872 265 1942 perciliis,
287 1874 413 1957 silonem,
436 1873 628 1945 quadratum:
651 1864 759 1946 quibus
780 1866 885 1927 addita
905 1868 962 1928 fuit
977 1867 1060 1927 haud
1078 1865 1169 1925 dubie
1189 1864 1250 1924 cal-

129 1974 220 2035 vities
243 1975 389 2049 Socratis‚
414 1994 505 2057 quarn
526 1975 623 2035 Varro
644 1974 709 2053 ipse
732 1981 874 2032 Samorssr
895 1976 965 2038 fal
988 1971 1120 2050 attingit.
1156 1956 1165 1965 ⁶

213 2082 324 2142 Eidem
346 2090 458 2159 autem,
483 2079 568 2138 cuius
589 2080 643 2138 illa
659 2081 696 2140 de
710 2081 837 2140 Socrate
854 2081 1053 2158 interrogatio
1066 2077 1134 2150 fuit,
1159 2076 1251 2136 etiam

97 2239 107 2249 ,
130 2187 209 2248 haec
231 2189 327 2266 rerba
345 2187 461 2248 tribuo:

213 2335 230 2386 2
249 2328 314 2386 Non
327 2327 677 2393 animaduertisscclurios,
690 2342 754 2382 cunr
769 2326 864 2382 uidere
876 2327 972 2382 colunt
985 2327 1014 2381 in
1028 2327 1104 2380 muri
1115 2325 1249 2392 thurinos

129 2436 283 2492 escendere
301 2437 331 2490 in
353 2435 459 2489 malurn
480 2432 546 2498 alic,
568 2438 600 2488 ut
616 2434 733 2503 penitus
748 2448 806 2508 per
824 2448 928 2503 equum
939 2434 1122 2504 perspicient
1133 2433 1250 2503 pisces?

213 2569 263 2628 De
290 2565 414 2647 cetariis
440 2584 477 2623 ac
499 2565 707 2646 θυννοσκοπίᾳ
729 2564 800 2624 vide
824 2585 903 2646 quae
925 2563 1077 2625 Oehlerus
1098 2563 1250 2626 attulerit:

129 2675 210 2734 idem
230 2672 390 2735 ‘Varronis
410 2669 505 2730 verba
528 2670 567 2729 ad
582 2680 779 2752 praeceptum
798 2671 922 2731 saturae¹
938 2672 1116 2750 inscriptum
1128 2671 1249 2730 referri’

128 2780 222 2840 iubet.
272 2779 311 2839 Id
340 2776 424 2858 quod
456 2776 559 2855 paullo
589 2777 760 2836 accuratius
788 2779 832 2837 ita
856 2779 984 2852 definio,
1012 2789 1046 2838 ut
1070 2778 1169 2850 idem,
1198 2776 1250 2856 qui

128 2887 217 2946 modo
245 2887 284 2947 de
313 2883 465 2945 sideribus
494 2865 719 2969 disputaverat,
743 2895 921 2965 superarum
939 2904 1040 2943 rerum
1062 2881 1249 2960 contempla·

127 2989 242 3048 tionem
264 2990 415 3049 etiamad
437 2991 666 3072 percipiendam
687 2991 800 3051 interni
821 2991 951 3068 hominis
971 2988 1175 3067 cognitionem
1197 3008 1249 3047 ne·

129 3097 294 3156 cessariam
326 3118 396 3156 esse
430 3098 527 3158 dicat:
562 3120 623 3181 quo
657 3098 778 3178 penitus
807 3097 975 3176 perspicias
1001 3096 1133 3155 hominis
1160 3105 1248 3155 natu-

128 3224 203 3276 ram,
227 3203 411 3263 evolandum
433 3225 503 3264 esse
524 3206 556 3265 in
577 3206 679 3267 sidera
701 3187 754 3278 ait,
776 3203 1033 3284 quemadmodum
1049 3203 1102 3284 qui
1118 3203 1249 3262 thunnos

126 3309 233 3369 videre
257 3309 380 3388 cupiant
402 3330 458 3390 per
479 3332 573 3386 mare,
596 3313 659 3373 alto
677 3314 710 3371 in
731 3311 828 3371 malos
851 3310 971 3370 soleant
994 3310 1173 3369 escendere.

211 3417 343 3476 Peracto
372 3437 427 3495 per
452 3417 583 3478 diverbii
611 3419 845 3480 alternationem
866 3417 993 3476 rationis
1014 3415 1101 3475 istius
1123 3414 1249 3496 physio·

125 3520 246 3599 logicae
268 3523 421 3596 examine,
447 3523 486 3583 ad
509 3525 640 3585 alterum
657 3546 753 3603 genus
775 3523 905 3600 θεωρίας
925 3522 1017 3600 longe
1039 3522 1092 3582 illo
1114 3524 1249 3581 fructuo-

127 3628 189 3687 sius
211 3628 357 3707 pergitur,
379 3648 438 3708 quo
457 3631 508 3710 qui
531 3631 591 3690 sint
614 3630 780 3690 secundum
797 3638 938 3688 naturam
958 3627 1088 3708 perfecti
1103 3628 1249 3687 homines

127 3733 299 3811 quaeritur,
330 3743 364 3792 ut
390 3736 430 3795 ad
453 3756 557 3797 eorum
577 3757 676 3795 mores
698 3745 833 3795 nostram
855 3735 1118 3801 accommodemus
1141 3735 1248 3795 vitam.

127 3838 179 3898 Sic
203 3840 282 3898 enim
306 3828 507 3903 cohaeserunt
529 3843 610 3917 olim,
633 3833 667 3900 ut
689 3843 837 3922 suspicor,
863 3844 942 3902 haec
963 3843 1151 3920 fragmenta:

213 3987 244 4038 11
256 3961 335 4053 Ape,
357 3999 435 4037 nunc
455 3982 593 4038 contende
610 3983 732 4039 alterum
751 3997 845 4054 penus
868 3975 1064 4057 φιλοθέωρον,
1088 3984 1192 4055 ecquid
1212 3985 1252 4039 ibi

269 4089 368 4144 uidere
389 4091 425 4143 sit
446 4089 554 4144 meiius.

112 4221 116 4230 ·
212 4211 245 4264 12
268 4205 324 4274 Qui
343 4207 400 4263 sint
421 4208 577 4263 secundum
600 4214 737 4264 naturam
755 4207 883 4280 perfecti
894 4209 1031 4278 homines,
1051 4215 1153 4267 utnon
1166 4211 1250 4269 modo

264 4327 314 4368 cos
335 4318 505 4384 spectemus,
528 4315 580 4369 scd
600 4316 685 4369 etium
705 4314 857 4370 imitemur.
