2760 4890
193 317 252 378 112
622 292 876 381 0000011011.

192 492 258 550 1000
291 492 394 571 posui:
437 510 516 570 quae
552 510 619 548 cum
651 484 775 569 oblidua
807 489 1030 548 enuntiatorum
1066 489 1310 549 conformatione

191 606 253 657 tam
281 598 360 656 inter
388 616 421 656 se
450 598 660 656 contineantur
686 616 775 676 quam
797 603 997 673 segregentur
1019 614 1038 653 a
1058 594 1198 675 reliquis,
1218 617 1309 676 prae-

191 705 284 762 missa
317 723 374 783 per
405 704 587 782 colloquium
624 704 684 782 ipsi
718 702 823 762 Ulixei
864 701 973 759 erroris
1008 703 1175 762 narrationi
1213 702 1311 762 fuisse

191 811 339 888 suspicor,
363 829 421 890 quo
443 803 700 889 praepararentur
722 809 841 887 reliqua
863 818 894 868 01
912 808 1075 868 similitudo
1096 809 1310 870 Varronianus.

192 934 259 974 cum
282 917 382 976 Ulixis
404 914 582 974 condicione
605 934 640 973 ac
658 914 889 987 ¹calamitatibus
916 916 1004 995 quasi
1031 923 1101 974 ante
1128 915 1234 974 oculos
1255 936 1309 995 po-

190 1030 326 1080 neretur:
350 1022 416 1081 fere
431 1030 464 1080 ut
480 1020 561 1102 apud
575 1021 744 1080 Lucianum
759 1021 791 1078 in
807 1041 844 1079 ea
862 1030 975 1094 satura,
993 1022 1041 1079 cui
1055 1019 1192 1100 lepidum
1203 1021 1309 1080 Icaro-

189 1128 323 1207 menippi
346 1147 456 1186 nomen
476 1128 643 1206 praefixum
666 1135 721 1200 est,
744 1125 906 1205 Menippus
929 1130 1106 1208 priusquam
1130 1147 1218 1186 suurn
1241 1147 1308 1185 cur-

190 1253 256 1291 sum
287 1235 401 1292 00111110
430 1243 603 1322 enarraret,
630 1254 692 1292 non
722 1234 822 1292 omisit
841 1244 997 1294 auctorum
1019 1232 1153 1294 Daedali
1173 1241 1204 1292 01
1225 1234 1309 1292 Icari

190 1339 364 1399 admonere.
388 1394 390 1398 .
411 1337 502 1416 Quod
531 1339 654 1420 quidem
683 1339 863 1418 opusculum
896 1361 969 1401 vere
991 1341 1188 1440 Menippeum
1214 1341 1308 1398 etiam

190 1444 258 1503 aliis
286 1445 457 1503 nominibus
486 1453 557 1524 apte
586 1465 653 1502 curn
680 1453 783 1502 nostra
810 1453 915 1504 satura
940 1447 1080 1506 conferre
1106 1447 1195 1505 licet:
1227 1442 1331 1526 quae'

189 1572 269 1609 nunc
295 1572 355 1610 000
380 1572 557 1631 persequor.
602 1553 734 1627 Pergam
759 1552 878 1610 interim
906 1561 1002 1611 toturn
1023 1553 1220 1632 reliquiarum
1244 1573 1306 1611 am-

188 1656 283 1716 bitum
304 1659 467 1737 permetiri.
499 1658 621 1715 Etenim
642 1676 787 1735 prospero
812 1677 885 1716 casu
907 1660 1102 1733 factumest,
1127 1659 1209 1738 quod
1228 1661 1305 1733 eius,

160 1771 268 1844 ‘quae
296 1772 342 1823 101
372 1765 550 1842 fragmentis
577 1763 721 1836 refertur,
745 1765 999 1841 peregrinationis
1018 1767 1111 1824 etiarn
1133 1767 1222 1846 quasi
1246 1775 1306 1825 101-

188 1872 284 1929 0110οο
301 1869 450 1949 quosdam
469 1884 635 1948 agnoscere
652 1870 733 1928 licet.
759 1871 968 1947 Designantur
983 1873 1063 1930 enim
1077 1873 1184 1946 Roma,
1209 1872 1306 1932 Athe-

188 1997 256 2050 nae,
280 1977 366 2051 Asia,
389 1979 432 2035 ita
456 1977 588 2058 quidem,
609 1986 642 2035 ut
664 1977 752 2055 quasi
772 1997 831 2035 uno
856 1987 1021 2056 conspectu
1035 1979 1133 2039 Varro
1157 2000 1211 2037 eas
1229 2000 1306 2058 quas

189 2083 299 2141 adierit
320 2086 460 2161 regiones
482 2086 678 2163 proposuisse
700 2083 850 2142 videatur.

275 2245 304 2299 17
344 2240 396 2296 Ubi
417 2241 493 2312 qaod
513 2242 611 2311 lupam
634 2241 743 2295 alumni
761 2239 904 2312 sellarant
925 2241 998 2295 olim.

276 2382 306 2434 18
342 2377 396 2432 Ubi
417 2378 500 2431 nitidi
517 2372 618 2447 ephebi
639 2382 713 2432 aesta
730 2376 814 2446 pulla
836 2376 954 2431 candidi

340 2482 468 2537 Modesto>
491 2483 589 2537 amicti
611 2524 616 2535 .
643 2524 648 2536 .
665 2487 794 2552 pascant
811 2488 939 2551 pectore.

274 2624 306 2678 19
345 2618 397 2673 Ubi
415 2623 442 2671 et
465 2619 600 2673 dicantar
621 2618 742 2672 barbari
761 2617 983 2672 innumerabiles

339 2726 459 2780 lateras
480 2739 585 2780 aurcos
602 2724 743 2781 habuisse.

187 2859 310 2917 Etenim
331 2859 423 2937 lupae
446 2877 591 2916 mammas
615 2868 759 2936 sugentes
783 2856 830 2935 (h.
848 2877 874 2920 e.
892 2858 971 2916 enim
989 2858 1111 2930 fallare:
1142 2858 1183 2916 cf.
1204 2878 1235 2936 p.
1253 2857 1303 2936 90)

187 2964 324 3022 alumnos
343 2964 505 3023 Romulum
528 2975 559 3024 ct
581 2965 710 3025 Remum
730 2985 813 3039 esse,
838 2972 871 3021 ut
888 2965 988 3044 quivis
1011 2965 1160 3040 agnomit,
1183 2965 1227 3023 110
1251 2964 1303 3022 ad-

186 3072 302 3129 monuit
326 3070 473 3130 Columna
496 3072 536 3130 ad
557 3073 648 3131 Ennii
677 3074 849 3150 fragmenta
871 3091 900 3150 p.
926 3079 960 3132 56
984 3069 1033 3129 ed.
1054 3069 1154 3149 Neap.
1199 3071 1304 3150 Ephe-

185 3176 240 3235 bos
267 3186 368 3236 autem
391 3187 478 3237 veste
505 3179 589 3258 pulla
610 3181 757 3240 candidos
778 3177 951 3241 Meinekius
975 3175 1034 3235 dici
1055 3178 1183 3234 iuvenes
1206 3177 1305 3236 Athe-

184 3284 307 3342 nienses
341 3283 424 3343 vidit.
481 3287 623 3366 Denique
656 3286 852 3346 barbarorum
882 3285 996 3343 lateres
1029 3283 1113 3342 aurei
1143 3281 1304 3361 Lydorum
1365 3335 1368 3340 .

186 3409 240 3446 nos
270 3389 434 3450 admonent
466 3401 496 3451 et
524 3413 628 3451 aurum
659 3394 812 3455 vehent»
826 3391 961 3462 Pactoli,
991 3390 1029 3449 de
1057 3409 1116 3470 quo
1143 3389 1243 3450 Varro
1274 3393 1305 3451 in

187 3497 398 3556 111110000111.
425 3511 454 3560 l:

336 3636 435 3708 Lydda
453 3639 548 3709 fluens
568 3639 620 3694 sub
644 3636 785 3693 sarclitas
805 3634 912 3708 flamdn
933 3637 996 3691 tulit

336 3745 457 3811 Auram,
479 3746 553 3799 later
578 3746 654 3815 qaod
675 3743 884 3813 conquadravit
905 3739 1028 3813 ra'yiau-

186 3890 271 3969 Quos
293 3913 400 3952 versus
424 3892 652 3971 quibusmodis
676 3892 802 3953 Oehleri
826 3891 979 3970 imperitia
1001 3888 1235 3963 deformavcrit,
1259 3893 1303 3950 vi·

185 3998 292 4057 1100101
321 3998 401 4077 apud
430 4000 539 4076 ipsum.
586 3999 632 4058 Of.
662 3999 829 4075 Roeperus.
873 3994 1052 4055 Referenda
1078 4004 1180 4054 autem
1207 3997 1303 4056 verba

185 4105 224 4164 ad
247 4106 409 4177 Croesum,
436 4124 526 4183 quem
547 4103 708 4163 tradebant
732 4124 748 4162 0
771 4102 890 4163 Pactoli
913 4121 986 4160 auro
1010 4101 1165 4160 confectos
1187 4104 1302 4162 lateres

183 4211 321 4290 Apollini
340 4210 492 4289 Delphico
515 4210 593 4269 dono
616 4211 744 4269 misisse.
779 4187 968 4268 Testimonia
992 4209 1030 4267 de
1054 4230 1091 4268 00
1111 4230 1143 4269 10
1163 4186 1301 4269 veterum

183 4317 254 4376 vide
282 4315 362 4395 apud
388 4317 571 4395 Roeperum.
597 4315 667 4380 ¹Sic
697 4335 764 4372 curn
791 4315 889 4406 semel
913 4317 943 4373 in
969 4315 1076 4374 Asiam
1106 4335 1143 4374 110
1168 4315 1301 4396 Lydiam
