2760 4890
533 357 790 432 commorarer.
1162 349 1221 410 117

100 520 226 579 fortuna
257 517 309 578 vel
336 518 430 577 Nonii
459 516 607 576 sedulitas
637 517 837 590 concesserit,
874 538 911 576 cx
942 519 1041 577 altera
1068 532 1146 600 quae
1176 528 1223 580 est

102 632 175 684 Hert
196 629 388 684 Arrecews'et
410 643 427 683 e
448 624 594 684 Varronis
613 622 690 682 libro
712 622 750 681 tle
769 622 963 702 philosophia
981 626 1083 704 paullo
1100 628 1220 706 plenius

99 734 177 794 licet
196 735 296 794 animo
320 732 494 791 informare.
538 730 755 805 Fragmentum
775 731 838 787 eius
862 738 983 789 saturae
1006 731 1064 790 hoc
1089 743 1150 792 est:

90 878 102 897 .
210 852 224 904 l
253 844 348 900 Porro
371 840 437 895 inde
460 839 495 894 ab
517 854 573 894 ano
596 852 707 909 quoque
730 839 852 909 compito
876 844 976 895 ternae
999 843 1062 898 riae
1077 844 1221 912 oriuntur,

254 964 271 1005 e
293 948 396 1020 quibus
417 945 547 1018 stapatae
568 944 677 999 exitum
706 960 742 999 aa
768 936 847 1013 τέλος
874 945 980 1000 lrabeat
1003 951 1166 1019 propriam.
1204 967 1223 1005 a

251 1056 347 1126 primo
368 1054 489 1124 compito
511 1051 667 1107 dextimam
690 1051 763 1106 riam
787 1053 877 1107 meruit
898 1053 1054 1123 Epicurus.

102 1160 130 1218 Ε
152 1156 232 1216 libro
254 1165 356 1217 autem
379 1155 417 1216 de
437 1153 632 1235 philosophia
654 1173 734 1232 quac
755 1154 816 1212 huc
835 1155 1009 1233 pertineant
1020 1156 1220 1233 Augustinus,

102 1283 195 1346 quem
208 1261 362 1323 Oehlerus
381 1260 539 1334 indicavit,
564 1260 602 1320 de
620 1261 744 1320 civitate
761 1261 809 1319 dei
823 1262 929 1324 XIX]
948 1264 1115 1341 excerpsit:
1133 1265 1221 1334 Quat-

102 1380 170 1430 tuor
190 1387 253 1428 esse
275 1371 425 1443 quaedam,
449 1385 523 1440 quae
539 1370 667 1426 homines
680 1372 741 1426 sine
758 1372 903 1443 magistro,
927 1372 988 1426 strae
1002 1374 1057 1428 allo
1075 1375 1223 1437 doctrinae
1242 1440 1249 1452 Ι

20 1535 24 1543 ,
102 1478 285 1545 adminiculo,
307 1478 369 1532 aine
395 1477 538 1532 industria
565 1481 609 1534 aet
630 1486 694 1535 arte
713 1481 837 1546 vicentii,
861 1493 935 1549 quae
958 1480 1051 1534 virtus
1069 1478 1174 1536 dicitur
1195 1489 1223 1538 et

98 1587 206 1660 procul
217 1585 303 1642 dubio
315 1571 444 1650 discitur,
459 1582 535 1638 velut
546 1586 720 1642 ¹naturaliter
733 1592 888 1657 appetunt:
905 1594 956 1642 aut
969 1588 1149 1658 voluptatem,
1166 1600 1223 1662 qua

102 1691 308 1749 delectabiliter
319 1697 448 1751 movetur
461 1694 592 1763 corporis
603 1707 721 1748 sensus:
737 1698 789 1747 aut
799 1695 929 1764 quietem,
943 1709 1000 1763 qua
1011 1696 1053 1765 fit,
1068 1700 1100 1750 at
1115 1697 1222 1751 nullam

104 1799 260 1855 molestiam
277 1799 396 1868 quisque
413 1799 545 1868 corporis
554 1801 697 1871 patiatur,
713 1806 939 1871 autumareque,
958 1816 1044 1870 quam
1056 1807 1150 1858 tamen
1166 1822 1223 1860 uno

104 1907 218 1962 nomime
232 1905 394 1975 =voluptatis
415 1905 563 1975 Epicurus
583 1908 725 1977 appellat:
756 1912 807 1961 atet
829 1907 1032 1963 ranieersatr'ter
1051 1911 1149 1978 prime
1171 1929 1223 1966 aa·

807 2000 817 2009 n

104 2018 198 2080 turae,
220 2012 251 2085 in
273 2010 376 2082 quibus
400 2016 428 2065 et
451 2011 525 2066 leaeo
544 2018 613 2067 sunt
634 2018 661 2067 et
682 2013 755 2080 alia,
775 2014 819 2068 ael
837 2014 865 2068 in
885 2028 1016 2082 corpore,
1040 2022 1071 2070 ut
1085 2019 1222 2075 membro-

104 2135 169 2174 rum
196 2104 348 2189 intepretes
374 2123 402 2173 et
422 2118 502 2173 salus
524 2124 609 2191 atque
630 2123 810 2177 incolumitas
831 2121 907 2186 eius,
938 2121 981 2174 rel
1002 2123 1031 2175 ia
1054 2125 1163 2191 animo,
1192 2133 1224 2180 ut

25 2234 28 2238 ·
104 2229 172 2278 sumt
192 2236 239 2290 ea,
262 2237 336 2292 quae
354 2224 398 2279 rel
414 2230 510 2294 parva
531 2228 574 2281 eet
594 2245 700 2300 magna
721 2231 750 2284 in
771 2228 914 2283 hominum
935 2229 1124 2297 reperiuntur
1145 2231 1222 2302 inpe-

104 2331 167 2386 riis.
212 2329 286 2384 Isaeo
319 2330 407 2401 igitur
442 2338 594 2402 quattuor,
623 2337 654 2390 ia
678 2340 720 2390 est
751 2337 896 2405 voluptas,
931 2334 1025 2404 quies,
1060 2344 1222 2410 atrumque,

100 2439 198 2508 prima
220 2439 360 2504 maturae,
382 2439 423 2492 ita
441 2447 508 2494 aunt
529 2441 559 2494 tre
580 2442 667 2509 nohis,
690 2447 723 2497 ut
743 2443 787 2497 eet
808 2443 908 2510 virtue,
929 2457 1014 2511 quam
1034 2449 1136 2514 postea
1156 2448 1223 2502 stoc·

105 2541 322 2608 trina'r'nserit,
347 2548 473 2614 propter
493 2543 566 2601 hoec
588 2548 751 2618 appetenda
770 2549 821 2614 sit,
844 2553 893 2602 eat
910 2549 965 2603 ista
984 2555 1109 2619 propter
1132 2553 1220 2608 cirta·

103 2656 168 2717 tem,
191 2653 244 2704 aut
264 2652 388 2720 utraque
407 2655 533 2722 propter
552 2667 581 2706 se
602 2654 676 2722 ipsa,
700 2670 734 2709 ec
749 2670 806 2725 per
826 2655 879 2710 hoc
897 2656 974 2726 fiant
991 2649 1221 2715 hinc'duodecr'm

102 2732 209 2814 sectae:
250 2770 309 2827 per
330 2755 406 2812 leone
428 2759 502 2813 enim
523 2760 663 2815 rationem
685 2762 815 2834 sirayatae
834 2764 1034 2832 triplicantur,
1061 2768 1138 2836 quod
1158 2765 1222 2823 cem

102 2866 133 2921 im
164 2881 222 2921 uno
251 2864 498 2931 demonstravero,
530 2865 650 2938 difficile
679 2884 735 2923 aon
759 2870 814 2922 erit
841 2870 872 2924 id
896 2870 926 2925 ire
954 2873 1057 2926 ceteris
1085 2876 1222 2944 inrem're.

102 2990 167 3030 eum
191 2986 261 3044 erqo
288 2970 419 3040 voluptas
446 2974 579 3043 corporis
604 2975 693 3028 animi
715 2975 814 3028 virtuti
840 2984 891 3031 aut
911 2971 1043 3033 subditur
1064 2986 1115 3035 aut
1134 2997 1221 3051 proe-

99 3079 202 3151 fertur
223 3082 274 3132 aot
295 3076 434 3149 turpiter,
458 3078 604 3148 tripertita
627 3081 760 3134 varietur
780 3064 945 3139 ltieersr'tate
961 3090 1114 3143 sectorem.
1158 3086 1221 3144 Ita·

102 3203 163 3262 que
195 3181 269 3238 licet
298 3199 378 3238 nnnc
405 3190 508 3240 ternas
536 3183 619 3253 vias,
650 3202 728 3261 quae
750 3185 782 3242 in
804 3165 857 3244 illo
877 3187 1047 3264 fragmento
1071 3190 1221 3266 dicuntur,

102 3286 254 3367 triplicem
275 3287 424 3347 rationem
446 3288 637 3364 intellegere,
658 3309 719 3368 qua.
739 3289 870 3368 exempli
886 3294 984 3367 gratia
999 3295 1142 3375 voluptas
1161 3297 1220 3355 vir·

103 3393 162 3454 tuti
171 3402 224 3454 aut
235 3393 382 3453 subdatur
394 3402 446 3454 aut
455 3394 647 3475 praeferetur
663 3405 715 3454 aut
730 3397 879 3472 iungatur.
908 3397 975 3456 Nec
989 3403 1126 3480 quamvis
1141 3422 1220 3462 com-

103 3503 237 3583 pitorum
260 3519 402 3559 numerus
430 3500 473 3559 ibi
500 3522 561 3560 non
588 3523 734 3582 expresse
764 3502 901 3562 tradatur
927 3503 1058 3564 dubitari
1087 3506 1221 3582 debebit,

104 3609 179 3689 quin
201 3615 344 3688 quattuor
366 3608 492 3681 fuerint,
520 3628 588 3668 cum
608 3611 789 3689 praesertim
812 3618 929 3669 constet
946 3611 1087 3678 Varroni,
1101 3614 1222 3694 quadri-

102 3715 300 3796 pertitionem
332 3714 364 3772 in
400 3713 518 3772 deliciis
551 3715 655 3774 fuisse.
702 3716 750 3776 Of.
780 3716 818 3776 de
842 3718 863 3777 l.
892 3719 913 3777 l.
942 3719 971 3779 V
995 3730 1026 3781 ll
1056 3741 1123 3779 cum
1151 3723 1221 3783 adn.

103 3823 240 3883 Mtilleri.
283 3822 366 3898 Ergo
395 3829 537 3900 quattuor
562 3824 758 3901 compitorum
783 3844 875 3883 unum
904 3835 990 3885 secta
1021 3848 1124 3889 eorum
1146 3829 1222 3888 obti-
1317 3860 1320 3864 >

104 3912 182 4002 nait,
204 3929 256 4009 qui
272 3927 471 4007 voluptatem,
494 3927 633 4000 alterum,
658 3931 709 4009 qui
723 3932 866 4010 quietem,
889 3934 1021 4007 tertium,
1043 3936 1094 4014 qui
1108 3944 1220 3994 utrum·

105 4055 181 4116 que,
216 4042 370 4115 quartum,
410 4037 463 4115 qui
488 4036 586 4122 prima
615 4043 742 4094 naturae
776 4038 868 4096 finem
904 4059 972 4098 esse
997 4041 1221 4118 praedicerent·

105 4144 289 4224 Epicuram,
318 4141 371 4221 qui
402 4142 434 4199 in
465 4141 542 4200 libro
573 4141 611 4200 dc
639 4143 832 4224 philosophia
859 4149 979 4206 tertium
1005 4133 1119 4204 locum*
1134 4167 1221 4204 occu-

105 4260 175 4330 pat,
202 4251 235 4309 in
260 4256 364 4308 satura
386 4248 441 4307 illa
462 4249 492 4306 in
512 4249 607 4327 primo
629 4251 758 4328 compito
782 4250 958 4325 collocavit,
987 4251 1068 4310 unde
1092 4253 1222 4336 fortasse

106 4355 212 4435 colligi
234 4361 352 4436 potest,
379 4355 549 4414 Varronem
572 4355 660 4415 aliter
682 4357 713 4415 in
734 4356 812 4416 libro
835 4357 873 4417 de
896 4358 1103 4439 philosophie,
1134 4357 1223 4418 aliter
