2760 4890
164 321 205 384 90
250 398 256 409 Ι
594 337 850 384 ccurncrsuss.

164 497 376 558 emendatione
397 497 590 574 acquiescas:
619 498 766 554 ‘Fellcrc'
790 515 947 572 excercere,
977 503 1110 558 lambere.
1149 500 1281 578 [Varro]

163 608 277 663 Manio:
300 605 369 661 ‘tam
391 623 455 663 cem
475 609 515 662 ad
536 622 618 679 quem
639 584 754 662 scnium
772 608 802 661 in
823 608 985 680 hospitium,
1008 612 1026 667 l.
1045 612 1072 666 Ιι.
1090 608 1128 683 f?
1159 613 1190 665 in
1215 611 1282 666 hos-

159 718 262 788 pitium
289 711 371 792 quod
393 711 528 771 scribunt
553 731 607 790 pro
631 719 660 767 ct
687 713 838 784 hospitium
865 735 924 772 non
951 713 1073 791 gravius
1098 722 1159 787 est,
1189 736 1282 795 quam

162 819 243 900 quod
265 819 357 877 Nonii
377 840 407 897 p.
425 828 486 892 358,
502 827 536 882 26
555 828 587 876 ut
602 821 709 891 flumen
731 817 843 895 legitur
860 841 914 899 pro
937 825 967 878 in
986 823 1115 896 frumen.
1147 819 1278 880 Senten-

159 929 203 985 tia
230 934 345 1006 aperta.
389 923 511 982 Laudat
537 925 635 982 Varro
663 927 858 1003 pristinorum
886 934 1054 1005 temporum
1084 926 1278 1005 hospitalita-

158 1042 234 1107 tem,
263 1054 331 1092 cum
358 1033 459 1110 quivis
488 1032 519 1089 in
542 1030 676 1089 cuiusvis
704 1012 872 1110 hospitium
892 1031 951 1090 iret
975 1031 1058 1090 haud
1086 1039 1277 1105 cunctanter,

157 1140 236 1200 bene
254 1161 366 1217 gnarus
389 1139 479 1198 etiam
503 1158 580 1211 eum,
605 1136 644 1194 ad
667 1156 757 1215 quem
772 1138 902 1210 veniret,
925 1145 958 1195 ut
974 1139 1082 1215 ipsum,
1104 1137 1154 1196 lac
1169 1138 1276 1197 huma-

155 1267 227 1305 num
253 1246 419 1304 fellavisse.
463 1245 506 1305 Ut
534 1265 573 1303 ne
601 1253 657 1301 tum
685 1243 807 1322 quidem
835 1244 986 1323 particula
1013 1245 1085 1303 mihi
1114 1245 1277 1303 offensioni

157 1354 205 1425 sit,
231 1373 309 1431 quae
331 1352 357 1409 si
379 1359 481 1410 tamen
502 1373 563 1410 non
581 1352 718 1430 placeat,
739 1352 886 1411 suaserim
907 1355 1003 1409 ctiam.
1025 1351 1199 1410 Numeros
1222 1373 1275 1411 au·

157 1468 218 1518 tem
245 1460 276 1516 in
304 1457 366 1516 illis
395 1456 497 1516 verbis
520 1478 607 1517 meae
629 1459 789 1535 percipere
819 1477 907 1517 aures
929 1467 1100 1537 nequeunt:
1134 1479 1275 1539 quosque

157 1566 273 1624 invexit
299 1565 473 1642 Roeperus,
509 1565 538 1623 ei
568 1564 736 1640 integritati
762 1565 932 1624 sententiae
960 1564 1107 1623 officiunt.
1159 1563 1275 1623 Scribit

157 1682 257 1731 autem
279 1673 339 1729 ita:

309 1871 314 1881 .
341 1870 346 1881 .
371 1869 376 1880 .
397 1870 403 1880 .
426 1828 482 1880 iam
505 1841 577 1893 crans,
602 1825 641 1882 rid
658 1842 740 1909 quem
765 1828 879 1882 veniunt
899 1825 1037 1896 cespitem

308 1933 435 1990 Fellcssc
456 1935 501 1989 lac
521 1931 687 1994 lucrnctmcm.
