2760 4890
125 357 132 369 .
173 307 234 369 218
603 320 860 371 commorarer.

170 480 299 553 mutavi,
323 500 382 559 quo
404 480 458 539 illa
480 487 647 553 constaret,
666 479 806 539 firmabo:
833 501 870 540 ac
891 486 957 540 iuro
978 480 1060 561 quod
1084 481 1208 560 reposui
1230 502 1286 560 pro

169 593 252 661 uirpo
271 588 375 645 nescio
397 607 436 645 an
457 586 544 647 nulla
564 586 701 663 indigeat
722 588 932 651 excusatione,
970 591 1062 662 iuquit
1085 596 1188 648 autem
1205 587 1289 668 quod

170 693 261 753 elicui
281 713 320 751 ex
342 693 389 752 his
408 698 438 751 iu
460 699 503 766 id,
527 693 782 760 reminiscendum
805 701 852 752 est
873 692 956 772 quod
974 714 1004 771 p.
1027 701 1062 756 29
1083 693 1187 770 tetigi,
1219 714 1288 752 cum

170 800 242 861 alibi
270 812 334 860 tum
363 799 443 880 apud
472 799 604 858 Nonium
629 800 836 878 saepius-pro
854 786 870 856 ¹t
892 798 976 856 finali
1001 798 1138 858 exhiberi
1160 805 1188 858 d.
1234 801 1288 860 Sic

170 911 271 982 inquid
291 906 437 985 est'apud
457 906 591 965 Nonium
611 924 642 982 p.
665 912 795 981 226,19;
827 908 913 963 amad
934 926 962 984 p.
983 915 1026 979 13,
1048 915 1081 982 2;
1109 912 1236 982 reliquid
1255 930 1287 988 p.

171 1025 231 1088 141,
255 1023 304 1088 24,
327 1014 388 1074 alia
409 1013 440 1072 id
462 1031 558 1089 genus
579 1012 680 1097 plura.
724 1011 792 1071 Nec
813 1010 960 1084 haerebit,
983 1003 1104 1091 opinor,
1125 1016 1288 1095 quisquam

168 1121 200 1180 in
224 1141 259 1180 eo
283 1119 365 1198 quod
387 1123 436 1194 qid
457 1117 566 1178 abierit
586 1120 617 1177 in
639 1123 683 1177 iet:
714 1121 758 1178 sic
780 1120 846 1178 fere
867 1137 928 1176 non
950 1117 1054 1176 dubito
1076 1119 1149 1197 quin
1175 1127 1287 1179 Mamur

171 1234 236 1284 Mun
256 1232 372 1284 Scirum
394 1226 432 1284 fr.
452 1235 469 1286 2
490 1229 593 1300 ecquid
613 1224 822 1304 reponendum
841 1225 880 1282 sit
902 1243 957 1302 pro
981 1233 1009 1283 ct
1030 1230 1075 1284 iet:
1104 1228 1194 1287 modo
1215 1250 1286 1308 pos-

170 1338 227 1395 sim
252 1342 360 1394 aestate
384 1332 552 1391 certissime
574 1329 773 1409 depravatum
794 1349 953 1419 reparare·
991 1331 1069 1408 Legi
1091 1342 1122 1393 et
1143 1334 1288 1410 intellegi

170 1440 292 1522 quidem
309 1441 386 1499 haec
411 1445 550 1514 possunt:
574 1439 677 1510 Itaque
695 1440 721 1494 si
737 1440 841 1523 plures
862 1441 922 1495 dies
942 1441 1018 1500 iuter
1039 1442 1213 1497 medicorum
1229 1443 1287 1497 ctis-

169 1565 279 1607 cessum
302 1548 500 1603 eruderatum
520 1546 679 1616 pollictoris
700 1543 910 1616 iuterfuerunt,
932 1550 1042 1618 ecquid·
1056 1553 1152 1615 restat,
1176 1549 1283 1604 uideas.

170 1651 321 1712 Oehlerus
346 1649 495 1730 quomodo
519 1668 598 1727 quae
619 1646 714 1708 edidit
735 1649 948 1722 interfuerunt,
968 1660 996 1708 ct
1015 1655 1047 1709 id
1060 1661 1170 1709 aestate
1189 1657 1288 1711 rideas

162 1757 360 1837 explicuerit,
383 1732 503 1834 legatur
526 1755 607 1835 apud
622 1757 728 1834 ipsum.
763 1754 870 1814 Redeo
893 1756 981 1815 illuc:
1009 1757 1121 1815 etenim
1143 1777 1202 1837 quo
1225 1778 1287 1817 non

168 1862 264 1923 semel
284 1864 316 1920 in
334 1861 382 1944 his
405 1861 541 1949 reliquiis
563 1863 675 1920 firmari
693 1870 745 1920 aut
761 1860 900 1921 adiuvari
915 1861 1159 1921 emendationem
1176 1883 1285 1943 exper-

168 1980 217 2029 tus
249 1989 330 2044 sum,
360 1968 393 2029 id
418 1970 451 2028 in
475 1970 534 2029 hoc
559 1989 679 2050 quoque
708 1969 878 2046 fragmento
908 1967 1065 2027 commode
1094 1970 1222 2043 accidit,
1252 1980 1286 2030 ut

148 2075 306 2154 'perfecta
327 2074 538 2134 emendatione
562 2078 678 2135 numeri
700 2083 883 2155 appareant,
906 2096 981 2155 quos
1003 2077 1047 2134 ita
1070 2075 1218 2152 refingas:

317 2172 433 2255 lnquit,
456 2187 529 2252 iura,
553 2192 585 2241 ut
605 2186 656 2242 dds
676 2204 694 2241 a
713 2184 825 2257 femina
848 2169 1013 2254 uelleretur.
1051 2183 1219 2254 quaemihi

319 2290 511 2363 Pisteaquam
532 2291 610 2349 dicta
631 2299 674 2348 est
697 2294 736 2348 aet
756 2291 954 2348 conedralium·
1087 2281 1089 2288 ’
1168 2362 1169 2365 ¹

253 2394 375 2454 Deinde
398 2398 559 2472 corrigam,
589 2396 615 2455 si
634 2403 760 2486 potero²
785 2399 897 2451 sessum
916 2384 985 2450 Ilerr
1005 2402 1186 2465 dextrinorum
1207 2399 1245 2458 fr.
1269 2412 1286 2462 5

169 2506 335 2576 occipitium
358 2524 376 2561 a
397 2508 459 2562 rico
475 2507 526 2562 deo
542 2506 665 2571 ostendo,
689 2519 728 2559 cx
744 2505 841 2560 oraclo
855 2505 967 2560 elimino
983 2519 1034 2559 me.
1066 2501 1118 2561 Sic
1131 2502 1287 2563 Oehlerus

169 2609 314 2669 Gulielmi
335 2609 542 2688 Scriveriique
568 2619 629 2668 tam
657 2607 900 2668 emendationem
929 2628 1020 2687 quam
1048 2609 1286 2687 explicationem

168 2725 306 2788 secutus,
333 2737 458 2794 quorum
485 2716 535 2775 hic
561 2724 641 2774 teste
670 2713 805 2804 Oehlero
833 2713 919 2791 (nam
941 2716 1008 2794 ipse
1031 2716 1216 2776 Scriverium
1238 2717 1284 2773 in-

76 2823 80 2828 ’
167 2824 285 2902 spicere
303 2843 364 2881 non
385 2821 524 2902 possum)
547 2822 590 2879 ita
610 2819 706 2880 verba
729 2833 874 2897 enarrat:¹
892 2821 962 2892 ‘ait,
983 2821 1014 2879 ni
1037 2818 1136 2892 fallor,
1160 2840 1195 2879 se
1218 2822 1284 2879 rivo
1334 2872 1342 2883 .

169 2929 305 2988 ablutum
335 2928 392 2987 deo
418 2946 451 2988 se
480 2927 619 3002 stetisse3
651 2936 714 2985 tum
740 2927 861 2996 oraculo
885 2926 987 2985 audito
1011 2926 1156 3004 templum
1180 2945 1284 3003 egres-

167 3057 232 3096 sum
261 3036 353 3095 esse'
397 3034 434 3092 In
459 3032 569 3113 quibus
597 3032 687 3089 miror
708 3033 836 3110 primum
857 3033 942 3092 illum
964 3035 1180 3112 nescioquem
1203 3010 1283 3092 occi·

167 3145 274 3224 pitium
296 3143 397 3222 potius
426 3139 561 3198 ablutum
589 3158 679 3218 quam
699 3139 751 3197 vel
771 3139 881 3198 faciem
901 3138 954 3198 vel
977 3160 1082 3198 manus
1106 3140 1164 3199 deo
1181 3150 1283 3200 osteu-

167 3250 255 3309 dere:
290 3259 321 3308 et
345 3246 481 3307 auditum
509 3264 576 3304 esse
600 3243 755 3303 oraculum
777 3246 809 3303 in
833 3244 977 3304 Scriverii
1002 3246 1125 3326 quidem
1148 3248 1283 3326 explica·

166 3356 257 3424 tione,
279 3375 340 3413 non
362 3355 393 3412 in
414 3351 516 3412 verbis
538 3353 684 3411 Varronis
706 3351 833 3427 legitur:
858 3360 889 3410 et
911 3361 1013 3411 tamen
1032 3352 1090 3411 hec
1112 3353 1173 3413 dici
1185 3353 1282 3414 debe·-

165 3461 218 3521 bat
240 3469 310 3520 aute
334 3480 372 3519 ea
393 3479 432 3518 em
452 3464 549 3519 oraclo
571 3462 683 3516 elimino
704 3475 757 3515 me.
802 3458 911 3538 Neque
932 3462 1165 3529 Aricumcteum,
1191 3480 1283 3538 quem

165 3570 282 3646 Popma
303 3567 504 3643 excogitavit,
537 3566 569 3622 in
587 3582 686 3622 meum
708 3565 909 3641 patrocinium
933 3567 1117 3644 receperim:
1149 3565 1283 3646 denique

164 3672 383 3749 Laurenbergii
395 3663 478 3749 ’Ἁρει
499 3675 560 3740 deo,
583 3670 669 3728 Iunii
686 3689 767 3728 arma
789 3675 850 3740 deo,
874 3656 1011 3731 Turneiii
1029 3693 1046 3731 a
1064 3676 1136 3736 Rivo
1153 3677 1205 3731 deo
1220 3693 1283 3731 non

72 3767 80 3780 ⁶
164 3799 273 3839 vereor
303 3799 342 3838 ne
369 3778 437 3858 quis
465 3785 580 3835 temere
603 3796 622 3834 a
642 3796 690 3835 me
712 3778 867 3857 repudiari
892 3788 1010 3856 arguat.
1055 3777 1127 3837 Una
1144 3776 1282 3836 litterula

164 3893 279 3944 mutata
300 3885 332 3941 in
350 3882 494 3943 librorum
515 3884 660 3942 memoria
685 3882 777 3960 (Non.
795 3906 824 3964 p.
842 3893 902 3958 292,
919 3885 969 3963 23)
997 3890 1081 3944 ariao
1099 3881 1151 3943 deo
1165 3885 1282 3943 veritas

165 3976 330 4050 constabit':
361 3991 529 4063 Occmitium
557 3994 649 4048 arduo
672 3994 723 4048 deo
746 3997 879 4061 ostendo,
908 4009 947 4049 ex
970 3996 1068 4051 oraclo
1086 3993 1202 4048 climiuo
1227 4008 1281 4048 nra.
1321 4059 1334 4083 ·

164 4099 284 4176 Nempe
306 4099 454 4154 ostendere
477 4100 652 4169 occipitium,
674 4097 755 4175 quod
777 4097 940 4158 Turnebus
963 4099 1098 4177 explicat
1120 4096 1152 4153 in
1171 4094 1282 4154 adver·

164 4203 251 4263 sariis
275 4201 388 4260 XXIX
407 4209 451 4273 27,
475 4210 522 4260 est
541 4201 624 4262 abire
648 4211 678 4260 et
701 4202 869 4262 discedere.
915 4203 963 4264 Of.
986 4205 1083 4263 Varro
1108 4201 1145 4260 de
1165 4222 1198 4261 re
1214 4222 1282 4262 rus·

163 4311 224 4370 tica
244 4310 261 4368 Ι
280 4317 313 4379 8,
335 4317 353 4371 6
381 4307 428 4367 Ibi
452 4310 583 4367 domiuus
609 4312 694 4366 simut
722 4328 756 4367 uc
782 4313 851 4368 cidit
871 4311 1033 4382 occipitium
1060 4312 1283 4379 cirsdcmiatoris,
