<?xml version="1.0" encoding="UTF-8"?>
<!DOCTYPE html PUBLIC "-//W3C//DTD XHTML 1.0 Transitional//EN"
    "http://www.w3.org/TR/xhtml1/DTD/xhtml1-transitional.dtd">
<html xmlns="http://www.w3.org/1999/xhtml" xml:lang="en" lang="en">
 <head>
  <title>
</title>
<meta http-equiv="Content-Type" content="text/html;charset=utf-8" />
  <meta name='ocr-system' content='tesseract 3.04.00' />
  <meta name='ocr-capabilities' content='ocr_page ocr_carea ocr_par ocr_line ocrx_word'/>
</head>
<body>
  <div class='ocr_page' id='page_1' title='image "./ioannisvahlenii00vahlgoog_0200.png"; bbox 0 0 2760 4890; ppageno 0'>
   <div class='ocr_carea' id='block_1_1' title="bbox 506 323 1192 388">
    <p class='ocr_par' dir='ltr' id='par_1_1' title="bbox 506 323 1192 388">
     <span class='ocr_line' id='line_1_1' title="bbox 506 323 1192 388; baseline -0.001 -2"><span class='ocrx_word' id='word_1_1' title='bbox 506 338 763 388; x_wconf 72' lang='lat' dir='ltr'><strong>corraeorum.</strong></span> <span class='ocrx_word' id='word_1_2' title='bbox 1133 323 1192 387; x_wconf 82' lang='grc'><strong>187</strong></span> 
     </span>
    </p>
   </div>
   <div class='ocr_carea' id='block_1_2' title="bbox 228 498 1088 669">
    <p class='ocr_par' dir='ltr' id='par_1_2' title="bbox 228 498 1088 669">
     <span class='ocr_line' id='line_1_2' title="bbox 531 498 1088 574; baseline -0.007 -16"><span class='ocrx_word' id='word_1_3' title='bbox 531 503 692 574; x_wconf 81' lang='lat' dir='ltr'><strong>simpterrne</strong></span> <span class='ocrx_word' id='word_1_4' title='bbox 711 498 801 572; x_wconf 75' lang='lat' dir='ltr'><strong>furor</strong></span> <span class='ocrx_word' id='word_1_5' title='bbox 821 500 953 556; x_wconf 81' lang='lat' dir='ltr'><strong>sestertia</strong></span> <span class='ocrx_word' id='word_1_6' title='bbox 975 504 1088 555; x_wconf 79' lang='lat' dir='ltr'><strong>certam</strong></span> 
     </span>
     <span class='ocr_line' id='line_1_3' title="bbox 228 608 1049 669; baseline -0.007 -2"><span class='ocrx_word' id='word_1_7' title='bbox 228 612 357 669; x_wconf 77' lang='lat' dir='ltr'><em>Perdere</em></span> <span class='ocrx_word' id='word_1_8' title='bbox 378 615 406 665; x_wconf 85' lang='lat' dir='ltr'><strong>et</strong></span> <span class='ocrx_word' id='word_1_9' title='bbox 427 610 559 667; x_wconf 79' lang='lat' dir='ltr'><em>horrenti</em></span> <span class='ocrx_word' id='word_1_10' title='bbox 579 610 705 666; x_wconf 67' lang='lat' dir='ltr'><strong>tannem</strong></span> <span class='ocrx_word' id='word_1_11' title='bbox 728 624 784 664; x_wconf 83' lang='lat' dir='ltr'><strong>aon</strong></span> <span class='ocrx_word' id='word_1_12' title='bbox 804 608 926 664; x_wconf 84' lang='lat' dir='ltr'><em>reddere</em></span> <span class='ocrx_word' id='word_1_13' title='bbox 946 613 1049 663; x_wconf 80' lang='lat' dir='ltr'><strong>serra?</strong></span> 
     </span>
    </p>
   </div>
   <div class='ocr_carea' id='block_1_3' title="bbox 74 758 1226 2015">
    <p class='ocr_par' dir='ltr' id='par_1_3' title="bbox 74 758 1226 2015">
     <span class='ocr_line' id='line_1_4' title="bbox 76 758 1194 841; baseline -0.006 -16"><span class='ocrx_word' id='word_1_14' title='bbox 76 763 142 826; x_wconf 82' lang='lat' dir='ltr'><strong>sed</strong></span> <span class='ocrx_word' id='word_1_15' title='bbox 170 783 232 829; x_wconf 88' lang='lat' dir='ltr'><strong>non</strong></span> <span class='ocrx_word' id='word_1_16' title='bbox 258 761 301 821; x_wconf 88' lang='lat' dir='ltr'><strong>ita</strong></span> <span class='ocrx_word' id='word_1_17' title='bbox 326 770 428 841; x_wconf 90' lang='lat' dir='ltr'><strong>persto</strong></span> <span class='ocrx_word' id='word_1_18' title='bbox 456 761 488 820; x_wconf 88' lang='lat' dir='ltr'><strong>in</strong></span> <span class='ocrx_word' id='word_1_19' title='bbox 517 781 555 819; x_wconf 91' lang='lat' dir='ltr'><strong>ea</strong></span> <span class='ocrx_word' id='word_1_20' title='bbox 584 759 804 839; x_wconf 79' lang='lat' dir='ltr'><strong>explicatione,</strong></span> <span class='ocrx_word' id='word_1_21' title='bbox 837 765 871 816; x_wconf 92' lang='lat' dir='ltr'><strong>ut</strong></span> <span class='ocrx_word' id='word_1_22' title='bbox 898 776 958 816; x_wconf 94' lang='lat' dir='ltr'><strong>non</strong></span> <span class='ocrx_word' id='word_1_23' title='bbox 985 776 1077 836; x_wconf 89' lang='lat' dir='ltr'><strong>posse</strong></span> <span class='ocrx_word' id='word_1_24' title='bbox 1104 758 1194 818; x_wconf 90' lang='lat' dir='ltr'><strong>aliam</strong></span> 
     </span>
     <span class='ocr_line' id='line_1_5' title="bbox 75 862 1193 955; baseline -0.008 -23"><span class='ocrx_word' id='word_1_25' title='bbox 75 891 199 955; x_wconf 88' lang='lat' dir='ltr'><strong>quoque</strong></span> <span class='ocrx_word' id='word_1_26' title='bbox 222 868 412 950; x_wconf 89' lang='lat' dir='ltr'><strong>probabilem</strong></span> <span class='ocrx_word' id='word_1_27' title='bbox 433 867 563 927; x_wconf 88' lang='lat' dir='ltr'><strong>inveniri</strong></span> <span class='ocrx_word' id='word_1_28' title='bbox 586 865 767 925; x_wconf 84' lang='lat' dir='ltr'><strong>concedam:</strong></span> <span class='ocrx_word' id='word_1_29' title='bbox 790 864 875 924; x_wconf 90' lang='lat' dir='ltr'><strong>velut</strong></span> <span class='ocrx_word' id='word_1_30' title='bbox 897 884 958 924; x_wconf 90' lang='lat' dir='ltr'><strong>non</strong></span> <span class='ocrx_word' id='word_1_31' title='bbox 973 862 1121 923; x_wconf 87' lang='lat' dir='ltr'><strong>absonum</strong></span> <span class='ocrx_word' id='word_1_32' title='bbox 1137 873 1193 937; x_wconf 91' lang='lat' dir='ltr'><strong>est,</strong></span> 
     </span>
     <span class='ocr_line' id='line_1_6' title="bbox 74 970 1193 1058; baseline -0.007 -20"><span class='ocrx_word' id='word_1_33' title='bbox 74 979 101 1038; x_wconf 90' lang='lat' dir='ltr'><strong>si</strong></span> <span class='ocrx_word' id='word_1_34' title='bbox 129 976 197 1058; x_wconf 89' lang='lat' dir='ltr'><strong>quis</strong></span> <span class='ocrx_word' id='word_1_35' title='bbox 225 975 287 1035; x_wconf 91' lang='lat' dir='ltr'><strong>illis</strong></span> <span class='ocrx_word' id='word_1_36' title='bbox 309 973 449 1033; x_wconf 89' lang='lat' dir='ltr'><strong>versibus</strong></span> <span class='ocrx_word' id='word_1_37' title='bbox 473 993 534 1033; x_wconf 89' lang='lat' dir='ltr'><strong>non</strong></span> <span class='ocrx_word' id='word_1_38' title='bbox 556 980 618 1031; x_wconf 87' lang='lat' dir='ltr'><strong>tam</strong></span> <span class='ocrx_word' id='word_1_39' title='bbox 639 974 747 1032; x_wconf 89' lang='lat' dir='ltr'><strong>vesani</strong></span> <span class='ocrx_word' id='word_1_40' title='bbox 770 971 883 1032; x_wconf 85' lang='lat' dir='ltr'><strong>domini</strong></span> <span class='ocrx_word' id='word_1_41' title='bbox 896 972 935 1058; x_wconf 54' lang='grc' dir='ltr'><strong>γἰη</strong></span> <span class='ocrx_word' id='word_1_42' title='bbox 956 990 1063 1030; x_wconf 90' lang='lat' dir='ltr'><strong>servos</strong></span> <span class='ocrx_word' id='word_1_43' title='bbox 1084 970 1193 1031; x_wconf 90' lang='lat' dir='ltr'><strong>barba-</strong></span> 
     </span>
     <span class='ocr_line' id='line_1_7' title="bbox 74 1077 1194 1163; baseline -0.005 -19"><span class='ocrx_word' id='word_1_44' title='bbox 74 1085 154 1144; x_wconf 86' lang='lat' dir='ltr'><strong>riam</strong></span> <span class='ocrx_word' id='word_1_45' title='bbox 176 1102 267 1163; x_wconf 82' lang='lat' dir='ltr'><strong>quam</strong></span> <span class='ocrx_word' id='word_1_46' title='bbox 288 1082 481 1160; x_wconf 89' lang='lat' dir='ltr'><strong>pristinorum</strong></span> <span class='ocrx_word' id='word_1_47' title='bbox 502 1090 670 1158; x_wconf 88' lang='lat' dir='ltr'><strong>temporum</strong></span> <span class='ocrx_word' id='word_1_48' title='bbox 689 1080 886 1139; x_wconf 89' lang='lat' dir='ltr'><strong>severitatem</strong></span> <span class='ocrx_word' id='word_1_49' title='bbox 902 1077 1081 1156; x_wconf 85' lang='lat' dir='ltr'><strong>disciplinae</strong></span> <span class='ocrx_word' id='word_1_50' title='bbox 1102 1081 1194 1157; x_wconf 91' lang='lat' dir='ltr'><strong>signi-</strong></span> 
     </span>
     <span class='ocr_line' id='line_1_8' title="bbox 74 1184 1194 1267; baseline -0.005 -18"><span class='ocrx_word' id='word_1_51' title='bbox 74 1189 163 1249; x_wconf 89' lang='lat' dir='ltr'><strong>ficari</strong></span> <span class='ocrx_word' id='word_1_52' title='bbox 194 1188 369 1248; x_wconf 84' lang='lat' dir='ltr'><strong>arbitretur:</strong></span> <span class='ocrx_word' id='word_1_53' title='bbox 405 1198 439 1247; x_wconf 89' lang='lat' dir='ltr'><strong>ut</strong></span> <span class='ocrx_word' id='word_1_54' title='bbox 473 1190 552 1247; x_wconf 89' lang='lat' dir='ltr'><strong>hanc</strong></span> <span class='ocrx_word' id='word_1_55' title='bbox 586 1187 638 1267; x_wconf 90' lang='lat' dir='ltr'><strong>qui</strong></span> <span class='ocrx_word' id='word_1_56' title='bbox 672 1184 875 1265; x_wconf 90' lang='lat' dir='ltr'><strong>amplectatur</strong></span> <span class='ocrx_word' id='word_1_57' title='bbox 902 1186 1194 1264; x_wconf 84' lang='lat' dir='ltr'><strong>interpretationem,</strong></span> 
     </span>
     <span class='ocr_line' id='line_1_9' title="bbox 74 1274 1226 1376; baseline -0.001 -21"><span class='ocrx_word' id='word_1_58' title='bbox 74 1295 174 1376; x_wconf 86' lang='lat' dir='ltr'><strong>possit</strong></span> <span class='ocrx_word' id='word_1_59' title='bbox 198 1315 265 1354; x_wconf 89' lang='lat' dir='ltr'><strong>cum</strong></span> <span class='ocrx_word' id='word_1_60' title='bbox 292 1293 345 1352; x_wconf 92' lang='lat' dir='ltr'><strong>illo</strong></span> <span class='ocrx_word' id='word_1_61' title='bbox 375 1295 411 1351; x_wconf 92' lang='lat' dir='ltr'><strong>fr.</strong></span> <span class='ocrx_word' id='word_1_62' title='bbox 434 1304 467 1355; x_wconf 85' lang='lat'><strong>10</strong></span> <span class='ocrx_word' id='word_1_63' title='bbox 496 1294 695 1370; x_wconf 89' lang='lat' dir='ltr'><strong>coniungere:</strong></span> <span class='ocrx_word' id='word_1_64' title='bbox 723 1311 762 1351; x_wconf 79' lang='lat' dir='ltr'><strong>ex</strong></span> <span class='ocrx_word' id='word_1_65' title='bbox 784 1294 829 1349; x_wconf 84' lang='lat' dir='ltr'><strong>bis</strong></span> <span class='ocrx_word' id='word_1_66' title='bbox 850 1298 936 1365; x_wconf 81' lang='lat' dir='ltr'><strong>atque</strong></span> <span class='ocrx_word' id='word_1_67' title='bbox 956 1274 1095 1350; x_wconf 76' lang='lat' dir='ltr'><strong>eiusmodi</strong></span> <span class='ocrx_word' id='word_1_68' title='bbox 1114 1295 1184 1349; x_wconf 83' lang='lat' dir='ltr'><strong>insti</strong></span> <span class='ocrx_word' id='word_1_69' title='bbox 1222 1341 1226 1354; x_wconf 64' lang='lat'><strong>.</strong></span> 
     </span>
     <span class='ocr_line' id='line_1_10' title="bbox 76 1396 1194 1478; baseline -0.004 -17"><span class='ocrx_word' id='word_1_70' title='bbox 76 1406 146 1462; x_wconf 81' lang='lat' dir='ltr'><strong>tutis</strong></span> <span class='ocrx_word' id='word_1_71' title='bbox 168 1421 203 1461; x_wconf 87' lang='lat' dir='ltr'><strong>ac</strong></span> <span class='ocrx_word' id='word_1_72' title='bbox 225 1405 282 1460; x_wconf 85' lang='lat' dir='ltr'><strong>rita</strong></span> <span class='ocrx_word' id='word_1_73' title='bbox 305 1403 349 1460; x_wconf 86' lang='lat' dir='ltr'><strong>vel</strong></span> <span class='ocrx_word' id='word_1_74' title='bbox 366 1404 405 1458; x_wconf 90' lang='lat' dir='ltr'><strong>ad</strong></span> <span class='ocrx_word' id='word_1_75' title='bbox 423 1402 561 1460; x_wconf 81' lang='lat' dir='ltr'><strong>Herculis</strong></span> <span class='ocrx_word' id='word_1_76' title='bbox 583 1404 663 1459; x_wconf 71' lang='lat' dir='ltr'><strong>atleta</strong></span> <span class='ocrx_word' id='word_1_77' title='bbox 685 1404 808 1478; x_wconf 78' lang='lat' dir='ltr'><strong>athletae</strong></span> <span class='ocrx_word' id='word_1_78' title='bbox 826 1400 902 1473; x_wconf 81' lang='lat' dir='ltr'><strong>facti</strong></span> <span class='ocrx_word' id='word_1_79' title='bbox 922 1406 1016 1456; x_wconf 85' lang='lat' dir='ltr'><strong>erant.</strong></span> <span class='ocrx_word' id='word_1_80' title='bbox 1057 1396 1121 1457; x_wconf 83' lang='lat' dir='ltr'><strong>Sed</strong></span> <span class='ocrx_word' id='word_1_81' title='bbox 1135 1397 1194 1456; x_wconf 88' lang='lat' dir='ltr'><strong>hoc</strong></span> 
     </span>
     <span class='ocr_line' id='line_1_11' title="bbox 77 1504 1194 1585; baseline -0.004 -17"><span class='ocrx_word' id='word_1_82' title='bbox 77 1530 148 1568; x_wconf 91' lang='lat' dir='ltr'><strong>cum</strong></span> <span class='ocrx_word' id='word_1_83' title='bbox 166 1509 199 1568; x_wconf 93' lang='lat' dir='ltr'><strong>in</strong></span> <span class='ocrx_word' id='word_1_84' title='bbox 216 1508 333 1566; x_wconf 90' lang='lat' dir='ltr'><strong>incerto</strong></span> <span class='ocrx_word' id='word_1_85' title='bbox 358 1505 541 1585; x_wconf 87' lang='lat' dir='ltr'><strong>relinquam,</strong></span> <span class='ocrx_word' id='word_1_86' title='bbox 572 1507 611 1566; x_wconf 84' lang='lat' dir='ltr'><strong>(le</strong></span> <span class='ocrx_word' id='word_1_87' title='bbox 634 1507 861 1566; x_wconf 90' lang='lat' dir='ltr'><strong>enumeratione</strong></span> <span class='ocrx_word' id='word_1_88' title='bbox 884 1504 938 1564; x_wconf 88' lang='lat' dir='ltr'><strong>illa</strong></span> <span class='ocrx_word' id='word_1_89' title='bbox 959 1506 1102 1564; x_wconf 89' lang='lat' dir='ltr'><strong>vitiorum</strong></span> <span class='ocrx_word' id='word_1_90' title='bbox 1119 1513 1194 1563; x_wconf 91' lang='lat' dir='ltr'><strong>tam·</strong></span> 
     </span>
     <span class='ocr_line' id='line_1_12' title="bbox 74 1610 1195 1697; baseline -0.004 -21"><span class='ocrx_word' id='word_1_91' title='bbox 74 1637 169 1697; x_wconf 88' lang='lat' dir='ltr'><strong>quam</strong></span> <span class='ocrx_word' id='word_1_92' title='bbox 189 1615 328 1680; x_wconf 87' lang='lat' dir='ltr'><strong>insaniae</strong></span> <span class='ocrx_word' id='word_1_93' title='bbox 350 1633 496 1691; x_wconf 84' lang='lat' dir='ltr'><strong>generum</strong></span> <span class='ocrx_word' id='word_1_94' title='bbox 518 1634 579 1672; x_wconf 92' lang='lat' dir='ltr'><strong>non</strong></span> <span class='ocrx_word' id='word_1_95' title='bbox 599 1613 721 1674; x_wconf 85' lang='lat' dir='ltr'><strong>videtur</strong></span> <span class='ocrx_word' id='word_1_96' title='bbox 744 1610 875 1670; x_wconf 88' lang='lat' dir='ltr'><strong>dubitari</strong></span> <span class='ocrx_word' id='word_1_97' title='bbox 896 1632 999 1691; x_wconf 91' lang='lat' dir='ltr'><strong>posse.</strong></span> <span class='ocrx_word' id='word_1_98' title='bbox 1033 1611 1103 1690; x_wconf 74' lang='lat' dir='ltr'><strong>Qua</strong></span> <span class='ocrx_word' id='word_1_99' title='bbox 1125 1633 1195 1692; x_wconf 91' lang='lat' dir='ltr'><strong>per·</strong></span> 
     </span>
     <span class='ocr_line' id='line_1_13' title="bbox 76 1703 1201 1803; baseline -0.002 -20"><span class='ocrx_word' id='word_1_100' title='bbox 76 1732 149 1783; x_wconf 87' lang='lat' dir='ltr'><strong>acta</strong></span> <span class='ocrx_word' id='word_1_101' title='bbox 176 1723 299 1782; x_wconf 88' lang='lat' dir='ltr'><strong>Veritas</strong></span> <span class='ocrx_word' id='word_1_102' title='bbox 321 1723 446 1792; x_wconf 87' lang='lat' dir='ltr'><strong>insano,</strong></span> <span class='ocrx_word' id='word_1_103' title='bbox 475 1719 548 1799; x_wconf 89' lang='lat' dir='ltr'><strong>quid</strong></span> <span class='ocrx_word' id='word_1_104' title='bbox 561 1703 679 1797; x_wconf 80' lang='lat' dir='ltr'><strong>igitur?</strong></span> <span class='ocrx_word' id='word_1_105' title='bbox 707 1719 822 1797; x_wconf 91' lang='lat' dir='ltr'><strong>inquit,</strong></span> <span class='ocrx_word' id='word_1_106' title='bbox 850 1719 963 1777; x_wconf 88' lang='lat' dir='ltr'><strong>famam</strong></span> <span class='ocrx_word' id='word_1_107' title='bbox 983 1719 1121 1780; x_wconf 89' lang='lat' dir='ltr'><strong>insaniae</strong></span> <span class='ocrx_word' id='word_1_108' title='bbox 1143 1741 1201 1803; x_wconf 82' lang='lat' dir='ltr'><strong>ve-¹</strong></span> 
     </span>
     <span class='ocr_line' id='line_1_14' title="bbox 75 1826 1197 1908; baseline -0.001 -19"><span class='ocrx_word' id='word_1_109' title='bbox 75 1830 154 1889; x_wconf 89' lang='lat' dir='ltr'><strong>reris</strong></span> <span class='ocrx_word' id='word_1_110' title='bbox 178 1827 305 1899; x_wconf 86' lang='lat' dir='ltr'><strong>abillis,</strong></span> <span class='ocrx_word' id='word_1_111' title='bbox 325 1827 378 1908; x_wconf 88' lang='lat' dir='ltr'><strong>qui</strong></span> <span class='ocrx_word' id='word_1_112' title='bbox 399 1838 440 1885; x_wconf 84' lang='lat' dir='ltr'><strong>ne</strong></span> <span class='ocrx_word' id='word_1_113' title='bbox 459 1828 518 1906; x_wconf 90' lang='lat' dir='ltr'><strong>ipsi</strong></span> <span class='ocrx_word' id='word_1_114' title='bbox 541 1826 664 1906; x_wconf 89' lang='lat' dir='ltr'><strong>quidem</strong></span> <span class='ocrx_word' id='word_1_115' title='bbox 687 1836 756 1885; x_wconf 91' lang='lat' dir='ltr'><strong>sunt</strong></span> <span class='ocrx_word' id='word_1_116' title='bbox 773 1845 866 1884; x_wconf 87' lang='lat' dir='ltr'><strong>sanae</strong></span> <span class='ocrx_word' id='word_1_117' title='bbox 882 1827 1001 1898; x_wconf 90' lang='lat' dir='ltr'><strong>mentis,</strong></span> <span class='ocrx_word' id='word_1_118' title='bbox 1024 1835 1058 1885; x_wconf 92' lang='lat' dir='ltr'><strong>ut</strong></span> <span class='ocrx_word' id='word_1_119' title='bbox 1073 1826 1197 1888; x_wconf 88' lang='lat' dir='ltr'><strong>demen-</strong></span> 
     </span>
     <span class='ocr_line' id='line_1_15' title="bbox 75 1918 1197 2015; baseline -0.001 -20"><span class='ocrx_word' id='word_1_120' title='bbox 75 1945 125 1995; x_wconf 91' lang='lat' dir='ltr'><strong>tes</strong></span> <span class='ocrx_word' id='word_1_121' title='bbox 147 1935 207 2015; x_wconf 85' lang='lat' dir='ltr'><strong>ipsi</strong></span> <span class='ocrx_word' id='word_1_122' title='bbox 226 1918 335 1994; x_wconf 86' lang='lat' dir='ltr'><strong>eadem</strong></span> <span class='ocrx_word' id='word_1_123' title='bbox 358 1933 512 1992; x_wconf 87' lang='lat' dir='ltr'><strong>dementia</strong></span> <span class='ocrx_word' id='word_1_124' title='bbox 533 1941 637 2012; x_wconf 89' lang='lat' dir='ltr'><strong>captos</strong></span> <span class='ocrx_word' id='word_1_125' title='bbox 662 1935 753 1992; x_wconf 91' lang='lat' dir='ltr'><strong>etiam</strong></span> <span class='ocrx_word' id='word_1_126' title='bbox 776 1931 828 2011; x_wconf 89' lang='lat' dir='ltr'><strong>qui</strong></span> <span class='ocrx_word' id='word_1_127' title='bbox 844 1933 910 1990; x_wconf 91' lang='lat' dir='ltr'><strong>sani</strong></span> <span class='ocrx_word' id='word_1_128' title='bbox 925 1933 985 1991; x_wconf 90' lang='lat' dir='ltr'><strong>sint</strong></span> <span class='ocrx_word' id='word_1_129' title='bbox 1001 1933 1197 1994; x_wconf 80' lang='lat' dir='ltr'><strong>existiment?</strong></span> 
     </span>
    </p>
   </div>
   <div class='ocr_carea' id='block_1_4' title="bbox 75 2067 1199 2343">
    <p class='ocr_par' dir='ltr' id='par_1_4' title="bbox 75 2067 1199 2343">
     <span class='ocr_line' id='line_1_16' title="bbox 165 2067 1198 2148; baseline 0.001 -19"><span class='ocrx_word' id='word_1_130' title='bbox 165 2070 278 2129; x_wconf 89' lang='lat' dir='ltr'><strong>XXIV</strong></span> <span class='ocrx_word' id='word_1_131' title='bbox 289 2067 358 2148; x_wconf 74' lang='lat' dir='ltr'><strong>&#39;(2e)</strong></span> <span class='ocrx_word' id='word_1_132' title='bbox 383 2071 456 2128; x_wconf 88' lang='lat' dir='ltr'><strong>Nam</strong></span> <span class='ocrx_word' id='word_1_133' title='bbox 475 2077 507 2128; x_wconf 85' lang='lat' dir='ltr'><strong>at</strong></span> <span class='ocrx_word' id='word_1_134' title='bbox 528 2073 662 2144; x_wconf 75' lang='lat' dir='ltr'><strong>arquatis</strong></span> <span class='ocrx_word' id='word_1_135' title='bbox 683 2078 711 2127; x_wconf 90' lang='lat' dir='ltr'><strong>et</strong></span> <span class='ocrx_word' id='word_1_136' title='bbox 730 2073 807 2127; x_wconf 85' lang='lat' dir='ltr'><strong>lateo</strong></span> <span class='ocrx_word' id='word_1_137' title='bbox 827 2086 901 2142; x_wconf 83' lang='lat' dir='ltr'><strong>qaae</strong></span> <span class='ocrx_word' id='word_1_138' title='bbox 921 2088 978 2126; x_wconf 79' lang='lat' dir='ltr'><strong>aare</strong></span> <span class='ocrx_word' id='word_1_139' title='bbox 998 2078 1066 2127; x_wconf 79' lang='lat' dir='ltr'><strong>eant</strong></span> <span class='ocrx_word' id='word_1_140' title='bbox 1080 2078 1109 2127; x_wconf 85' lang='lat' dir='ltr'><strong>et</strong></span> <span class='ocrx_word' id='word_1_141' title='bbox 1123 2089 1198 2145; x_wconf 80' lang='lat' dir='ltr'><strong>qaae</strong></span> 
     </span>
     <span class='ocr_line' id='line_1_17' title="bbox 75 2174 1199 2254; baseline 0.001 -17"><span class='ocrx_word' id='word_1_142' title='bbox 75 2185 146 2237; x_wconf 82' lang='lat' dir='ltr'><strong>sunt</strong></span> <span class='ocrx_word' id='word_1_143' title='bbox 171 2181 249 2236; x_wconf 81' lang='lat' dir='ltr'><strong>lutea</strong></span> <span class='ocrx_word' id='word_1_144' title='bbox 276 2180 422 2248; x_wconf 83' lang='lat' dir='ltr'><strong>ridentur,</strong></span> <span class='ocrx_word' id='word_1_145' title='bbox 451 2182 494 2235; x_wconf 84' lang='lat' dir='ltr'><strong>sic</strong></span> <span class='ocrx_word' id='word_1_146' title='bbox 514 2181 625 2234; x_wconf 82' lang='lat' dir='ltr'><strong>insanis</strong></span> <span class='ocrx_word' id='word_1_147' title='bbox 648 2174 702 2254; x_wconf 90' lang='lat' dir='ltr'><strong>[et]</strong></span> <span class='ocrx_word' id='word_1_148' title='bbox 725 2180 792 2234; x_wconf 82' lang='lat' dir='ltr'><strong>sani</strong></span> <span class='ocrx_word' id='word_1_149' title='bbox 810 2182 838 2234; x_wconf 92' lang='lat' dir='ltr'><strong>et</strong></span> <span class='ocrx_word' id='word_1_150' title='bbox 857 2177 967 2250; x_wconf 82' lang='lat' dir='ltr'><strong>furiosi</strong></span> <span class='ocrx_word' id='word_1_151' title='bbox 987 2179 1119 2235; x_wconf 83' lang='lat' dir='ltr'><strong>ridentur</strong></span> <span class='ocrx_word' id='word_1_152' title='bbox 1136 2196 1199 2238; x_wconf 77' lang='lat' dir='ltr'><strong>esse</strong></span> 
     </span>
     <span class='ocr_line' id='line_1_18' title="bbox 76 2302 184 2343; baseline -0.019 -1"><span class='ocrx_word' id='word_1_153' title='bbox 76 2302 184 2343; x_wconf 79' lang='lat' dir='ltr'><strong>ansam.</strong></span> 
     </span>
    </p>
   </div>
   <div class='ocr_carea' id='block_1_5' title="bbox 31 2419 1203 3893">
    <p class='ocr_par' dir='ltr' id='par_1_5' title="bbox 31 2419 1203 3893">
     <span class='ocr_line' id='line_1_19' title="bbox 78 2419 1197 2502; baseline 0 -22"><span class='ocrx_word' id='word_1_154' title='bbox 78 2421 152 2480; x_wconf 89' lang='lat' dir='ltr'><strong>Huc</strong></span> <span class='ocrx_word' id='word_1_155' title='bbox 178 2420 258 2480; x_wconf 89' lang='lat' dir='ltr'><strong>enim</strong></span> <span class='ocrx_word' id='word_1_156' title='bbox 281 2439 342 2478; x_wconf 92' lang='lat' dir='ltr'><strong>non</strong></span> <span class='ocrx_word' id='word_1_157' title='bbox 369 2419 609 2500; x_wconf 89' lang='lat' dir='ltr'><strong>improbabiliter</strong></span> <span class='ocrx_word' id='word_1_158' title='bbox 634 2420 694 2502; x_wconf 83' lang='lat' dir='ltr'><strong>hoc</strong></span> <span class='ocrx_word' id='word_1_159' title='bbox 716 2421 919 2497; x_wconf 86' lang='lat' dir='ltr'><strong>fragmentum</strong></span> <span class='ocrx_word' id='word_1_160' title='bbox 946 2420 1086 2479; x_wconf 87' lang='lat' dir='ltr'><strong>revocari</strong></span> <span class='ocrx_word' id='word_1_161' title='bbox 1112 2419 1197 2480; x_wconf 87' lang='lat' dir='ltr'><strong>vide·</strong></span> 
     </span>
     <span class='ocr_line' id='line_1_20' title="bbox 79 2524 1198 2606; baseline -0.001 -21"><span class='ocrx_word' id='word_1_162' title='bbox 79 2537 146 2586; x_wconf 87' lang='lat' dir='ltr'><strong>tur:</strong></span> <span class='ocrx_word' id='word_1_163' title='bbox 175 2525 358 2606; x_wconf 87' lang='lat' dir='ltr'><strong>quamquam</strong></span> <span class='ocrx_word' id='word_1_164' title='bbox 383 2526 482 2606; x_wconf 90' lang='lat' dir='ltr'><strong>possis</strong></span> <span class='ocrx_word' id='word_1_165' title='bbox 511 2528 603 2586; x_wconf 90' lang='lat' dir='ltr'><strong>etiam</strong></span> <span class='ocrx_word' id='word_1_166' title='bbox 626 2525 665 2584; x_wconf 90' lang='lat' dir='ltr'><strong>de</strong></span> <span class='ocrx_word' id='word_1_167' title='bbox 687 2524 877 2605; x_wconf 89' lang='lat' dir='ltr'><strong>philosophis</strong></span> <span class='ocrx_word' id='word_1_168' title='bbox 901 2526 1051 2602; x_wconf 82' lang='lat' dir='ltr'><strong>cogitare,</strong></span> <span class='ocrx_word' id='word_1_169' title='bbox 1081 2527 1132 2606; x_wconf 93' lang='lat' dir='ltr'><strong>qui</strong></span> <span class='ocrx_word' id='word_1_170' title='bbox 1150 2527 1198 2584; x_wconf 85' lang='lat' dir='ltr'><strong>in-</strong></span> 
     </span>
     <span class='ocr_line' id='line_1_21' title="bbox 79 2631 1198 2711; baseline 0 -19"><span class='ocrx_word' id='word_1_171' title='bbox 79 2632 149 2692; x_wconf 90' lang='lat' dir='ltr'><strong>sani</strong></span> <span class='ocrx_word' id='word_1_172' title='bbox 172 2631 232 2711; x_wconf 84' lang='lat' dir='ltr'><strong>ipsi</strong></span> <span class='ocrx_word' id='word_1_173' title='bbox 258 2651 316 2691; x_wconf 88' lang='lat' dir='ltr'><strong>nec</strong></span> <span class='ocrx_word' id='word_1_174' title='bbox 341 2653 447 2692; x_wconf 92' lang='lat' dir='ltr'><strong>sanum</strong></span> <span class='ocrx_word' id='word_1_175' title='bbox 475 2641 505 2692; x_wconf 91' lang='lat' dir='ltr'><strong>et</strong></span> <span class='ocrx_word' id='word_1_176' title='bbox 534 2633 680 2691; x_wconf 87' lang='lat' dir='ltr'><strong>furiosum</strong></span> <span class='ocrx_word' id='word_1_177' title='bbox 705 2633 912 2691; x_wconf 82' lang='lat' dir='ltr'><strong>internoscere</strong></span> <span class='ocrx_word' id='word_1_178' title='bbox 933 2652 991 2691; x_wconf 90' lang='lat' dir='ltr'><strong>nec</strong></span> <span class='ocrx_word' id='word_1_179' title='bbox 1012 2653 1121 2692; x_wconf 89' lang='lat' dir='ltr'><strong>sanare</strong></span> <span class='ocrx_word' id='word_1_180' title='bbox 1147 2632 1198 2692; x_wconf 90' lang='lat' dir='ltr'><strong>de·</strong></span> 
     </span>
     <span class='ocr_line' id='line_1_22' title="bbox 79 2735 1200 2821; baseline 0.001 -24"><span class='ocrx_word' id='word_1_181' title='bbox 79 2735 215 2798; x_wconf 79' lang='lat' dir='ltr'><strong>mentem</strong></span> <span class='ocrx_word' id='word_1_182' title='bbox 235 2741 362 2818; x_wconf 87' lang='lat' dir='ltr'><strong>possint.</strong></span> <span class='ocrx_word' id='word_1_183' title='bbox 407 2741 540 2798; x_wconf 87' lang='lat' dir='ltr'><strong>Tantum</strong></span> <span class='ocrx_word' id='word_1_184' title='bbox 561 2746 608 2797; x_wconf 89' lang='lat' dir='ltr'><strong>est</strong></span> <span class='ocrx_word' id='word_1_185' title='bbox 631 2739 878 2815; x_wconf 83' lang='lat' dir='ltr'><strong>fragmentorum,</strong></span> <span class='ocrx_word' id='word_1_186' title='bbox 902 2759 981 2821; x_wconf 90' lang='lat' dir='ltr'><strong>quae</strong></span> <span class='ocrx_word' id='word_1_187' title='bbox 1005 2759 1072 2797; x_wconf 89' lang='lat' dir='ltr'><strong>cum</strong></span> <span class='ocrx_word' id='word_1_188' title='bbox 1096 2738 1200 2820; x_wconf 89' lang='lat' dir='ltr'><strong>aliqua</strong></span> 
     </span>
     <span class='ocr_line' id='line_1_23' title="bbox 79 2843 1199 2923; baseline 0.001 -19"><span class='ocrx_word' id='word_1_189' title='bbox 79 2844 144 2904; x_wconf 87' lang='lat' dir='ltr'><strong>fide</strong></span> <span class='ocrx_word' id='word_1_190' title='bbox 170 2843 331 2904; x_wconf 85' lang='lat' dir='ltr'><strong>videantur</strong></span> <span class='ocrx_word' id='word_1_191' title='bbox 360 2843 399 2903; x_wconf 89' lang='lat' dir='ltr'><strong>ad</strong></span> <span class='ocrx_word' id='word_1_192' title='bbox 426 2846 505 2904; x_wconf 89' lang='lat' dir='ltr'><strong>hanc</strong></span> <span class='ocrx_word' id='word_1_193' title='bbox 527 2852 646 2923; x_wconf 91' lang='lat' dir='ltr'><strong>partem</strong></span> <span class='ocrx_word' id='word_1_194' title='bbox 668 2853 790 2905; x_wconf 86' lang='lat' dir='ltr'><strong>saturae</strong></span> <span class='ocrx_word' id='word_1_195' title='bbox 813 2845 960 2907; x_wconf 85' lang='lat' dir='ltr'><strong>adscribi:</strong></span> <span class='ocrx_word' id='word_1_196' title='bbox 989 2854 1107 2906; x_wconf 87' lang='lat' dir='ltr'><strong>restant</strong></span> <span class='ocrx_word' id='word_1_197' title='bbox 1125 2865 1199 2905; x_wconf 91' lang='lat' dir='ltr'><strong>non·</strong></span> 
     </span>
     <span class='ocr_line' id='line_1_24' title="bbox 80 2947 1199 3035; baseline 0.001 -24"><span class='ocrx_word' id='word_1_198' title='bbox 80 2947 228 3011; x_wconf 80' lang='lat' dir='ltr'><strong>nulla&#39;de</strong></span> <span class='ocrx_word' id='word_1_199' title='bbox 249 2952 399 3030; x_wconf 91' lang='lat' dir='ltr'><strong>scriptura</strong></span> <span class='ocrx_word' id='word_1_200' title='bbox 423 2951 610 3030; x_wconf 88' lang='lat' dir='ltr'><strong>singulorum</strong></span> <span class='ocrx_word' id='word_1_201' title='bbox 630 2950 830 3012; x_wconf 86' lang='lat' dir='ltr'><strong>admonenda.</strong></span> <span class='ocrx_word' id='word_1_202' title='bbox 876 2953 980 3035; x_wconf 86' lang='lat' dir='ltr'><strong>Atque</strong></span> <span class='ocrx_word' id='word_1_203' title='bbox 1001 2954 1039 3014; x_wconf 89' lang='lat' dir='ltr'><strong>fr.</strong></span> <span class='ocrx_word' id='word_1_204' title='bbox 1062 2953 1128 3013; x_wconf 92' lang='lat' dir='ltr'><strong>XX</strong></span> <span class='ocrx_word' id='word_1_205' title='bbox 1147 2952 1199 3012; x_wconf 93' lang='lat' dir='ltr'><strong>bo-</strong></span> 
     </span>
     <span class='ocr_line' id='line_1_25' title="bbox 80 3055 1202 3138; baseline 0.003 -19"><span class='ocrx_word' id='word_1_206' title='bbox 80 3080 156 3119; x_wconf 91' lang='lat' dir='ltr'><strong>num</strong></span> <span class='ocrx_word' id='word_1_207' title='bbox 176 3057 364 3118; x_wconf 88' lang='lat' dir='ltr'><strong>octonarium</strong></span> <span class='ocrx_word' id='word_1_208' title='bbox 384 3055 551 3116; x_wconf 80' lang='lat' dir='ltr'><strong>&#39;iambicum</strong></span> <span class='ocrx_word' id='word_1_209' title='bbox 572 3058 711 3132; x_wconf 87' lang='lat' dir='ltr'><strong>efficere,</strong></span> <span class='ocrx_word' id='word_1_210' title='bbox 739 3079 812 3118; x_wconf 88' lang='lat' dir='ltr'><strong>casu</strong></span> <span class='ocrx_word' id='word_1_211' title='bbox 833 3064 906 3138; x_wconf 86' lang='lat' dir='ltr'><strong>puto</strong></span> <span class='ocrx_word' id='word_1_212' title='bbox 926 3080 986 3119; x_wconf 92' lang='lat' dir='ltr'><strong>non</strong></span> <span class='ocrx_word' id='word_1_213' title='bbox 1009 3060 1202 3122; x_wconf 89' lang='lat' dir='ltr'><strong>observatum</strong></span> 
     </span>
     <span class='ocr_line' id='line_1_26' title="bbox 80 3162 1202 3247; baseline 0.002 -21"><span class='ocrx_word' id='word_1_214' title='bbox 80 3162 239 3226; x_wconf 87' lang='lat' dir='ltr'><strong>Meinekio</strong></span> <span class='ocrx_word' id='word_1_215' title='bbox 263 3183 341 3235; x_wconf 91' lang='lat' dir='ltr'><strong>esse,</strong></span> <span class='ocrx_word' id='word_1_216' title='bbox 365 3183 433 3222; x_wconf 89' lang='lat' dir='ltr'><strong>cum</strong></span> <span class='ocrx_word' id='word_1_217' title='bbox 454 3183 510 3238; x_wconf 83' lang='lat' dir='ltr'><strong>qao</strong></span> <span class='ocrx_word' id='word_1_218' title='bbox 531 3162 561 3221; x_wconf 92' lang='lat' dir='ltr'><strong>h.</strong></span> <span class='ocrx_word' id='word_1_219' title='bbox 580 3184 606 3223; x_wconf 88' lang='lat' dir='ltr'><strong>e.</strong></span> <span class='ocrx_word' id='word_1_220' title='bbox 630 3169 659 3222; x_wconf 85' lang='lat' dir='ltr'><strong>r&#39;n</strong></span> <span class='ocrx_word' id='word_1_221' title='bbox 682 3184 765 3239; x_wconf 79' lang='lat' dir='ltr'><strong>quem</strong></span> <span class='ocrx_word' id='word_1_222' title='bbox 784 3170 872 3239; x_wconf 79' lang='lat' dir='ltr'><strong>finem</strong></span> <span class='ocrx_word' id='word_1_223' title='bbox 895 3168 1064 3247; x_wconf 83' lang='lat' dir='ltr'><strong>explicaret</strong></span> <span class='ocrx_word' id='word_1_224' title='bbox 1086 3176 1202 3228; x_wconf 88' lang='lat' dir='ltr'><strong>etcum</strong></span> 
     </span>
     <span class='ocr_line' id='line_1_27' title="bbox 47 3257 1202 3349; baseline 0.002 -17"><span class='ocrx_word' id='word_1_225' title='bbox 47 3257 65 3269; x_wconf 66' lang='grc'><strong>’</strong></span> <span class='ocrx_word' id='word_1_226' title='bbox 81 3270 248 3333; x_wconf 83' lang='lat' dir='ltr'><strong>notissimis</strong></span> <span class='ocrx_word' id='word_1_227' title='bbox 274 3268 395 3329; x_wconf 89' lang='lat' dir='ltr'><strong>Horatii</strong></span> <span class='ocrx_word' id='word_1_228' title='bbox 417 3269 556 3329; x_wconf 84' lang='lat' dir='ltr'><strong>versibus</strong></span> <span class='ocrx_word' id='word_1_229' title='bbox 579 3271 748 3344; x_wconf 88' lang='lat' dir='ltr'><strong>conferret,</strong></span> <span class='ocrx_word' id='word_1_230' title='bbox 772 3291 861 3330; x_wconf 90' lang='lat' dir='ltr'><strong>carm.</strong></span> <span class='ocrx_word' id='word_1_231' title='bbox 884 3272 918 3330; x_wconf 94' lang='grc' dir='ltr'><strong>ΙΙ</strong></span> <span class='ocrx_word' id='word_1_232' title='bbox 940 3283 973 3345; x_wconf 83' lang='lat'><strong>3,</strong></span> <span class='ocrx_word' id='word_1_233' title='bbox 995 3284 1012 3338; x_wconf 87' lang='lat'><strong>9</strong></span> <span class='ocrx_word' id='word_1_234' title='bbox 1039 3294 1094 3349; x_wconf 85' lang='lat' dir='ltr'><strong>qao</strong></span> <span class='ocrx_word' id='word_1_235' title='bbox 1111 3280 1202 3349; x_wconf 81' lang='lat' dir='ltr'><strong>pirrus</strong></span> 
     </span>
     <span class='ocr_line' id='line_1_28' title="bbox 81 3378 1201 3457; baseline 0.002 -19"><span class='ocrx_word' id='word_1_236' title='bbox 81 3384 185 3456; x_wconf 70' lang='lat' dir='ltr'><strong>ingene</strong></span> <span class='ocrx_word' id='word_1_237' title='bbox 206 3380 328 3450; x_wconf 81' lang='lat' dir='ltr'><strong>alteque</strong></span> <span class='ocrx_word' id='word_1_238' title='bbox 343 3380 471 3450; x_wconf 79' lang='lat' dir='ltr'><strong>popalus</strong></span> <span class='ocrx_word' id='word_1_239' title='bbox 498 3378 632 3434; x_wconf 86' lang='lat' dir='ltr'><strong>Umbram</strong></span> <span class='ocrx_word' id='word_1_240' title='bbox 652 3379 821 3451; x_wconf 76' lang='lat' dir='ltr'><strong>hospitalem</strong></span> <span class='ocrx_word' id='word_1_241' title='bbox 842 3384 1005 3438; x_wconf 81' lang='lat' dir='ltr'><strong>consociari</strong></span> <span class='ocrx_word' id='word_1_242' title='bbox 1025 3391 1123 3457; x_wconf 73' lang='lat' dir='ltr'><strong>amapt</strong></span> <span class='ocrx_word' id='word_1_243' title='bbox 1141 3383 1201 3440; x_wconf 87' lang='lat' dir='ltr'><strong>Ra·</strong></span> 
     </span>
     <span class='ocr_line' id='line_1_29' title="bbox 83 3484 1201 3565; baseline 0 -21"><span class='ocrx_word' id='word_1_244' title='bbox 83 3490 157 3545; x_wconf 81' lang='lat' dir='ltr'><strong>mis?</strong></span> <span class='ocrx_word' id='word_1_245' title='bbox 189 3487 258 3560; x_wconf 80' lang='lat' dir='ltr'><strong>qaid</strong></span> <span class='ocrx_word' id='word_1_246' title='bbox 279 3485 390 3557; x_wconf 81' lang='lat' dir='ltr'><strong>obliquo</strong></span> <span class='ocrx_word' id='word_1_247' title='bbox 410 3501 437 3542; x_wconf 89' lang='lat' dir='ltr'><strong>e.</strong></span> <span class='ocrx_word' id='word_1_248' title='bbox 461 3503 491 3562; x_wconf 81' lang='lat' dir='ltr'><strong>q,</strong></span> <span class='ocrx_word' id='word_1_249' title='bbox 514 3503 538 3543; x_wconf 90' lang='lat' dir='ltr'><strong>s.</strong></span> <span class='ocrx_word' id='word_1_250' title='bbox 570 3484 621 3542; x_wconf 85' lang='lat' dir='ltr'><strong>Fr.</strong></span> <span class='ocrx_word' id='word_1_251' title='bbox 643 3484 726 3543; x_wconf 88' lang='lat' dir='ltr'><strong>XXI</strong></span> <span class='ocrx_word' id='word_1_252' title='bbox 749 3504 816 3543; x_wconf 91' lang='lat' dir='ltr'><strong>cum</strong></span> <span class='ocrx_word' id='word_1_253' title='bbox 839 3484 960 3543; x_wconf 88' lang='lat' dir='ltr'><strong>codices</strong></span> <span class='ocrx_word' id='word_1_254' title='bbox 983 3486 1076 3545; x_wconf 90' lang='lat' dir='ltr'><strong>Nonii</strong></span> <span class='ocrx_word' id='word_1_255' title='bbox 1090 3507 1120 3565; x_wconf 93' lang='lat' dir='ltr'><strong>p.</strong></span> <span class='ocrx_word' id='word_1_256' title='bbox 1139 3495 1201 3561; x_wconf 74' lang='lat'><strong>272,</strong></span> 
     </span>
     <span class='ocr_line' id='line_1_30' title="bbox 43 3569 1201 3665; baseline 0.005 -19"><span class='ocrx_word' id='word_1_257' title='bbox 43 3636 54 3646; x_wconf 91' lang='lat'><strong>.</strong></span> <span class='ocrx_word' id='word_1_258' title='bbox 83 3593 167 3656; x_wconf 67' lang='lat' dir='ltr'><strong>sita</strong></span> <span class='ocrx_word' id='word_1_259' title='bbox 189 3589 336 3650; x_wconf 86' lang='lat' dir='ltr'><strong>scribant:</strong></span> <span class='ocrx_word' id='word_1_260' title='bbox 360 3569 518 3648; x_wconf 74' lang='lat' dir='ltr'><strong>maximam</strong></span> <span class='ocrx_word' id='word_1_261' title='bbox 541 3594 633 3650; x_wconf 84' lang='lat' dir='ltr'><strong>eredit</strong></span> <span class='ocrx_word' id='word_1_262' title='bbox 650 3591 675 3665; x_wconf 79' lang='lat' dir='ltr'><strong>f.</strong></span> <span class='ocrx_word' id='word_1_263' title='bbox 698 3595 749 3650; x_wconf 84' lang='lat' dir='ltr'><strong>sed</strong></span> <span class='ocrx_word' id='word_1_264' title='bbox 770 3596 871 3651; x_wconf 84' lang='lat' dir='ltr'><strong>redere</strong></span> <span class='ocrx_word' id='word_1_265' title='bbox 898 3596 1024 3662; x_wconf 71' lang='lat' dir='ltr'><strong>Ultorem,</strong></span> <span class='ocrx_word' id='word_1_266' title='bbox 1048 3611 1112 3650; x_wconf 85' lang='lat' dir='ltr'><strong>cam</strong></span> <span class='ocrx_word' id='word_1_267' title='bbox 1135 3595 1201 3652; x_wconf 85' lang='lat' dir='ltr'><strong>bac·</strong></span> 
     </span>
     <span class='ocr_line' id='line_1_31' title="bbox 83 3697 1203 3777; baseline 0 -19"><span class='ocrx_word' id='word_1_268' title='bbox 83 3703 142 3758; x_wconf 83' lang='lat' dir='ltr'><strong>aba</strong></span> <span class='ocrx_word' id='word_1_269' title='bbox 158 3701 258 3757; x_wconf 60' lang='lat' dir='ltr'><strong>aleam</strong></span> <span class='ocrx_word' id='word_1_270' title='bbox 277 3714 308 3756; x_wconf 84' lang='lat' dir='ltr'><strong>e.</strong></span> <span class='ocrx_word' id='word_1_271' title='bbox 333 3717 362 3777; x_wconf 87' lang='lat' dir='ltr'><strong>q.</strong></span> <span class='ocrx_word' id='word_1_272' title='bbox 379 3715 421 3768; x_wconf 90' lang='lat' dir='ltr'><strong>s.,</strong></span> <span class='ocrx_word' id='word_1_273' title='bbox 447 3697 603 3757; x_wconf 88' lang='lat' dir='ltr'><strong>Mercerus</strong></span> <span class='ocrx_word' id='word_1_274' title='bbox 626 3698 777 3758; x_wconf 88' lang='lat' dir='ltr'><strong>intellexit</strong></span> <span class='ocrx_word' id='word_1_275' title='bbox 800 3700 1010 3776; x_wconf 83' lang='lat' dir='ltr'><strong>corrigendum</strong></span> <span class='ocrx_word' id='word_1_276' title='bbox 1033 3720 1100 3759; x_wconf 89' lang='lat' dir='ltr'><strong>csse</strong></span> <span class='ocrx_word' id='word_1_277' title='bbox 1123 3703 1203 3758; x_wconf 79' lang='lat' dir='ltr'><strong>Aiax</strong></span> 
     </span>
     <span class='ocr_line' id='line_1_32' title="bbox 31 3802 1201 3893; baseline 0 -27"><span class='ocrx_word' id='word_1_278' title='bbox 31 3869 35 3875; x_wconf 70' lang='grc'>,</span> <span class='ocrx_word' id='word_1_279' title='bbox 86 3817 146 3866; x_wconf 87' lang='lat' dir='ltr'><strong>tam</strong></span> <span class='ocrx_word' id='word_1_280' title='bbox 174 3826 198 3865; x_wconf 88' lang='lat' dir='ltr'><strong>e.</strong></span> <span class='ocrx_word' id='word_1_281' title='bbox 220 3807 244 3881; x_wconf 74' lang='lat' dir='ltr'><strong>f.</strong></span> <span class='ocrx_word' id='word_1_282' title='bbox 266 3821 297 3864; x_wconf 79' lang='lat' dir='ltr'><strong>se</strong></span> <span class='ocrx_word' id='word_1_283' title='bbox 318 3805 455 3866; x_wconf 82' lang='lat' dir='ltr'><strong>caedere;</strong></span> <span class='ocrx_word' id='word_1_284' title='bbox 483 3823 544 3862; x_wconf 91' lang='lat' dir='ltr'><strong>non</strong></span> <span class='ocrx_word' id='word_1_285' title='bbox 572 3802 710 3862; x_wconf 88' lang='lat' dir='ltr'><strong>absimile</strong></span> <span class='ocrx_word' id='word_1_286' title='bbox 741 3804 910 3867; x_wconf 81' lang='lat' dir='ltr'><strong>Gulielmus</strong></span> <span class='ocrx_word' id='word_1_287' title='bbox 934 3808 965 3866; x_wconf 89' lang='lat' dir='ltr'><strong>in</strong></span> <span class='ocrx_word' id='word_1_288' title='bbox 987 3807 1201 3893; x_wconf 74' lang='lat' dir='ltr'><strong>rerisimilibua</strong></span> 
     </span>
    </p>
   </div>
   <div class='ocr_carea' id='block_1_6' title="bbox 86 3910 1313 3992">
    <p class='ocr_par' dir='ltr' id='par_1_6' title="bbox 86 3910 1313 3992">
     <span class='ocr_line' id='line_1_33' title="bbox 86 3910 1313 3992; baseline 0 -19"><span class='ocrx_word' id='word_1_289' title='bbox 86 3914 139 3973; x_wconf 94' lang='lat' dir='ltr'><strong>III</strong></span> <span class='ocrx_word' id='word_1_290' title='bbox 153 3922 188 3976; x_wconf 90' lang='lat'><strong>18</strong></span> <span class='ocrx_word' id='word_1_291' title='bbox 211 3910 349 3990; x_wconf 80' lang='lat' dir='ltr'><strong>(Gruteri</strong></span> <span class='ocrx_word' id='word_1_292' title='bbox 369 3910 478 3990; x_wconf 86' lang='lat' dir='ltr'><strong>Lamp.</strong></span> <span class='ocrx_word' id='word_1_293' title='bbox 494 3910 544 3970; x_wconf 88' lang='lat' dir='ltr'><strong>III</strong></span> <span class='ocrx_word' id='word_1_294' title='bbox 559 3934 590 3992; x_wconf 95' lang='lat' dir='ltr'><strong>p.</strong></span> <span class='ocrx_word' id='word_1_295' title='bbox 606 3912 673 3991; x_wconf 78' lang='lat'>315)</span> <span class='ocrx_word' id='word_1_296' title='bbox 697 3916 775 3971; x_wconf 79' lang='lat' dir='ltr'><strong>Aiax</strong></span> <span class='ocrx_word' id='word_1_297' title='bbox 797 3915 864 3970; x_wconf 87' lang='lat' dir='ltr'><strong>dam</strong></span> <span class='ocrx_word' id='word_1_298' title='bbox 885 3932 910 3970; x_wconf 89' lang='lat' dir='ltr'><strong>e.</strong></span> <span class='ocrx_word' id='word_1_299' title='bbox 954 3914 1085 3973; x_wconf 85' lang='lat' dir='ltr'><strong>Mereeri</strong></span> <span class='ocrx_word' id='word_1_300' title='bbox 1101 3934 1201 3974; x_wconf 91' lang='lat' dir='ltr'><strong>emen·</strong></span> <span class='ocrx_word' id='word_1_301' title='bbox 1309 3976 1313 3982; x_wconf 66' lang='grc'><em>,</em></span> 
     </span>
    </p>
   </div>
   <div class='ocr_carea' id='block_1_7' title="bbox 46 4018 1203 4426">
    <p class='ocr_par' dir='ltr' id='par_1_7' title="bbox 46 4018 1203 4426">
     <span class='ocr_line' id='line_1_34' title="bbox 89 4018 1202 4100; baseline 0 -21"><span class='ocrx_word' id='word_1_302' title='bbox 89 4019 243 4079; x_wconf 89' lang='lat' dir='ltr'><strong>dationem</strong></span> <span class='ocrx_word' id='word_1_303' title='bbox 270 4018 401 4097; x_wconf 85' lang='lat' dir='ltr'><strong>perfecit</strong></span> <span class='ocrx_word' id='word_1_304' title='bbox 428 4018 642 4079; x_wconf 84' lang='lat' dir='ltr'><strong>Lachmannus</strong></span> <span class='ocrx_word' id='word_1_305' title='bbox 664 4021 696 4079; x_wconf 91' lang='lat' dir='ltr'><strong>in</strong></span> <span class='ocrx_word' id='word_1_306' title='bbox 718 4020 862 4080; x_wconf 90' lang='lat' dir='ltr'><strong>Lucretio</strong></span> <span class='ocrx_word' id='word_1_307' title='bbox 884 4043 914 4100; x_wconf 86' lang='lat' dir='ltr'><strong>p.</strong></span> <span class='ocrx_word' id='word_1_308' title='bbox 935 4030 983 4094; x_wconf 73' lang='lat'><strong>14,</strong></span> <span class='ocrx_word' id='word_1_309' title='bbox 1013 4019 1065 4079; x_wconf 90' lang='lat' dir='ltr'><strong>ubi</strong></span> <span class='ocrx_word' id='word_1_310' title='bbox 1087 4020 1202 4080; x_wconf 84' lang='lat' dir='ltr'><strong>Wake-</strong></span> 
     </span>
     <span class='ocr_line' id='line_1_35' title="bbox 46 4111 1203 4188; baseline 0 -3"><span class='ocrx_word' id='word_1_311' title='bbox 46 4111 56 4136; x_wconf 63' lang='lat'><em>¹</em></span> <span class='ocrx_word' id='word_1_312' title='bbox 87 4125 213 4185; x_wconf 90' lang='lat' dir='ltr'><strong>fieldum</strong></span> <span class='ocrx_word' id='word_1_313' title='bbox 239 4125 270 4183; x_wconf 97' lang='lat' dir='ltr'><strong>in</strong></span> <span class='ocrx_word' id='word_1_314' title='bbox 299 4145 354 4185; x_wconf 88' lang='lat' dir='ltr'><strong>sua</strong></span> <span class='ocrx_word' id='word_1_315' title='bbox 380 4125 515 4186; x_wconf 89' lang='lat' dir='ltr'><strong>Lucretii</strong></span> <span class='ocrx_word' id='word_1_316' title='bbox 547 4128 725 4188; x_wconf 88' lang='lat' dir='ltr'><strong>recensione</strong></span> <span class='ocrx_word' id='word_1_317' title='bbox 752 4127 841 4186; x_wconf 86' lang='lat' dir='ltr'><strong>Aiaci</strong></span> <span class='ocrx_word' id='word_1_318' title='bbox 869 4128 1059 4188; x_wconf 89' lang='lat' dir='ltr'><strong>Varroniano</strong></span> <span class='ocrx_word' id='word_1_319' title='bbox 1088 4126 1203 4186; x_wconf 90' lang='lat' dir='ltr'><strong>similli-</strong></span> 
     </span>
     <span class='ocr_line' id='line_1_36' title="bbox 90 4231 1202 4310; baseline 0.001 -19"><span class='ocrx_word' id='word_1_320' title='bbox 90 4252 171 4291; x_wconf 91' lang='lat' dir='ltr'><strong>mum</strong></span> <span class='ocrx_word' id='word_1_321' title='bbox 197 4231 309 4292; x_wconf 89' lang='lat' dir='ltr'><strong>exiisse</strong></span> <span class='ocrx_word' id='word_1_322' title='bbox 335 4233 423 4293; x_wconf 89' lang='lat' dir='ltr'><strong>dicit:</strong></span> <span class='ocrx_word' id='word_1_323' title='bbox 460 4239 539 4294; x_wconf 78' lang='lat' dir='ltr'><strong>Aiax</strong></span> <span class='ocrx_word' id='word_1_324' title='bbox 568 4242 625 4291; x_wconf 83' lang='lat' dir='ltr'><strong>raa</strong></span> <span class='ocrx_word' id='word_1_325' title='bbox 653 4238 746 4292; x_wconf 86' lang='lat' dir='ltr'><strong>eredit</strong></span> <span class='ocrx_word' id='word_1_326' title='bbox 770 4237 856 4310; x_wconf 76' lang='lat' dir='ltr'><strong>ferra</strong></span> <span class='ocrx_word' id='word_1_327' title='bbox 884 4252 915 4294; x_wconf 88' lang='lat' dir='ltr'><strong>se</strong></span> <span class='ocrx_word' id='word_1_328' title='bbox 942 4238 1064 4294; x_wconf 87' lang='lat' dir='ltr'><strong>caedere</strong></span> <span class='ocrx_word' id='word_1_329' title='bbox 1090 4236 1202 4303; x_wconf 77' lang='lat' dir='ltr'><strong>Ulixen,</strong></span> 
     </span>
     <span class='ocr_line' id='line_1_37' title="bbox 91 4340 1202 4426; baseline -0.001 -27"><span class='ocrx_word' id='word_1_330' title='bbox 91 4342 161 4399; x_wconf 84' lang='lat' dir='ltr'><strong>Cam</strong></span> <span class='ocrx_word' id='word_1_331' title='bbox 182 4342 284 4398; x_wconf 83' lang='lat' dir='ltr'><strong>baculo</strong></span> <span class='ocrx_word' id='word_1_332' title='bbox 311 4344 411 4426; x_wconf 83' lang='lat' dir='ltr'><strong>silvam</strong></span> <span class='ocrx_word' id='word_1_333' title='bbox 435 4363 460 4402; x_wconf 91' lang='lat' dir='ltr'><strong>e.</strong></span> <span class='ocrx_word' id='word_1_334' title='bbox 484 4364 514 4424; x_wconf 82' lang='lat' dir='ltr'><strong>q.</strong></span> <span class='ocrx_word' id='word_1_335' title='bbox 538 4364 578 4417; x_wconf 91' lang='lat' dir='ltr'><strong>s.,</strong></span> <span class='ocrx_word' id='word_1_336' title='bbox 616 4347 721 4404; x_wconf 77' lang='lat' dir='ltr'><strong>Ulixen</strong></span> <span class='ocrx_word' id='word_1_337' title='bbox 750 4344 967 4402; x_wconf 88' lang='lat' dir='ltr'><strong>convenienter</strong></span> <span class='ocrx_word' id='word_1_338' title='bbox 992 4341 1067 4399; x_wconf 91' lang='lat' dir='ltr'><strong>mori</strong></span> <span class='ocrx_word' id='word_1_339' title='bbox 1090 4340 1202 4400; x_wconf 87' lang='lat' dir='ltr'><strong>Varro·</strong></span> 
     </span>
    </p>
   </div>
   <div class='ocr_carea' id='block_1_8' title="bbox 0 0 1397 4890">
    <p class='ocr_par' dir='ltr' id='par_1_8' title="bbox 0 0 1397 4890">
     <span class='ocr_line' id='line_1_38' title="bbox 0 0 1397 4890; baseline 0 0"><span class='ocrx_word' id='word_1_340' title='bbox 0 0 1397 4890; x_wconf 95' lang='lat' dir='ltr'><strong> </strong></span> 
     </span>
    </p>
   </div>
  </div>
 </body>
</html>
