2760 4890
560 354 817 403 conmcranss.
1207 345 1245 405 21

134 513 184 572 Ita
208 511 294 586 libri,
326 511 384 570 nisi
415 511 496 590 quod
524 517 620 571 inanis
643 518 755 573 sonitus
779 514 879 592 potius
909 512 1135 587 commendant,
1166 514 1248 594 quod

135 618 256 677 Nakius
279 616 425 696 explicuit
445 616 465 673 l.
490 637 515 675 c.
537 640 568 699 p.
590 608 651 682 38.Ζ
673 617 759 678 Idem
780 618 922 697 probavit
944 621 975 678 in
996 639 1088 678 versu
1101 620 1247 680 Varronis

134 733 244 798 typona
266 725 408 792 formam,
439 740 529 799 quam
550 723 743 784 Hermannus
764 725 909 783 restituit:
942 733 976 783 ut
1000 726 1061 784 iam
1087 728 1171 804 prius
1193 727 1246 786 he·

134 829 317 888 mistichium
340 828 496 903 eleganter
518 826 668 888 decurrat.
709 831 746 888 In
762 831 860 889 altera
877 838 964 908 parte
981 829 1063 909 quod
1082 840 1128 890 est
1146 838 1249 891 matris

134 940 235 1007 deum,
260 955 341 1008 cum,
365 931 446 1011 quod
469 952 560 1009 supra
581 935 765 1011 significavi,
789 936 833 994 sic
854 941 949 995 mutri'
973 941 1055 995 deum
1078 957 1245 996 accommo-

136 1041 202 1100 dari
226 1049 322 1100 metro
349 1040 462 1119 possit,
490 1047 593 1099 tamen
621 1039 729 1098 haeret
753 1043 915 1100 sententia.
960 1042 1040 1102 Vide
1070 1044 1149 1102 enim
1174 1044 1247 1102 mihi

133 1147 213 1205 hanc
240 1132 435 1205 structuram:
464 1149 514 1203 tibi
536 1145 566 1207 h.
591 1165 618 1204 e.
644 1145 731 1203 matri
762 1145 852 1204 deum
876 1145 947 1223 (nec
970 1149 1049 1207 enirn
1072 1148 1144 1228 quid
1165 1148 1248 1207 aliud

134 1254 284 1330 cogitetur
297 1250 402 1330 video)
422 1257 544 1311 torsimus
563 1271 620 1310 non
635 1255 731 1309 inanis
746 1255 856 1310 sonitus
875 1257 1079 1312 matrisdeum.
1098 1255 1247 1314 Herman-

133 1380 191 1418 nus
208 1360 279 1418 olim
301 1369 393 1418 mater
414 1363 498 1418 deum
521 1359 699 1436 scripserat,
722 1356 803 1436 quod
825 1358 944 1417 Nakius
964 1357 1070 1417 laudat
1088 1367 1118 1418 et
1135 1359 1246 1433 firmari

135 1465 241 1525 codice
261 1465 392 1545 quodam
409 1465 450 1523 N.
468 1463 562 1523 Fabri
584 1466 740 1543 opinatur,
763 1464 795 1522 in
811 1484 870 1543 quo
890 1472 937 1522 est
955 1469 1044 1522 matri
1057 1468 1148 1522 deum.
1181 1465 1245 1523 Du·

134 1569 212 1643 bito,
239 1591 311 1629 num
336 1591 373 1630 ea
400 1591 433 1630 re
454 1570 547 1630 valde
576 1569 736 1628 adiuvetur
764 1569 935 1629 emendatio
956 1571 1139 1643 Hermanni,
1168 1592 1247 1651 quae
1274 1570 1279 1581 ’

134 1697 202 1735 cum
225 1678 386 1736 conveniat
408 1677 593 1747 sententiae,
615 1674 791 1733 reiectanea
810 1684 912 1734 tamen
934 1683 981 1733 est
999 1674 1037 1733 ob
1054 1675 1247 1736 insolentiam

133 1783 249 1840 formae
271 1783 425 1855 metricae,
451 1802 542 1861 quam
561 1780 632 1838 dixi.
670 1779 773 1856 Quare
795 1778 1004 1859 temptandum
1024 1780 1107 1839 aliud
1131 1789 1186 1855 est,
1211 1803 1246 1840 ac

133 1887 206 1946 mihi
234 1886 310 1946 haec
338 1893 439 1945 matris
465 1891 548 1945 deum
578 1883 641 1960 (vel
663 1887 762 1962 potius
788 1891 877 1945 matri
899 1890 994 1960 deum)
1018 1887 1246 1967 interpolationi

133 1991 238 2051 deberi
259 1992 418 2066 videntur,
442 1995 573 2072 quesibi
591 2010 652 2049 vox
674 1990 887 2068 explicaretur.
928 1993 1069 2070 Demptis
1088 1994 1155 2054 istis
1177 2017 1245 2074 pro-

133 2098 212 2157 clive
241 2108 286 2158 est
308 2120 429 2159 versum
451 2098 615 2168 resarcire,
641 2104 675 2154 ut
696 2095 758 2172 legi
780 2099 951 2156 conveniat.
994 2100 1139 2178 Repono:

283 2238 334 2293 tibi
353 2243 479 2310 typario,
504 2253 560 2292 non
580 2233 676 2289 inanis
697 2237 821 2301 sortitur,
844 2236 894 2291 rior·
912 2237 1042 2292 torsimus
1080 2240 1082 2243 ’

132 2386 199 2458 Sic,
221 2387 280 2444 nisi
303 2385 384 2465 quod
403 2390 457 2445 deo
478 2406 532 2464 pro
556 2385 655 2466 altero
676 2387 733 2455 tihi,
756 2383 827 2441 olim
845 2383 984 2462 Scaliger
1006 2405 1042 2444 ac
1057 2406 1154 2465 nuper
1167 2389 1248 2448 Roe-

131 2511 238 2570 perus,
263 2513 389 2572 quorum
412 2500 513 2550 tamen
535 2499 644 2550 neuter
669 2490 707 2549 de
729 2489 963 2568 interpolatione
987 2492 1150 2568 cogitavit:
1174 2493 1247 2572 quid

132 2596 171 2654 de
194 2597 253 2655 illis
276 2600 378 2655 matris
399 2600 482 2654 deum
505 2597 676 2668 statuerint,
699 2596 780 2655 infra
800 2594 969 2678 apparebit.
1018 2597 1127 2675 ltaque
1149 2601 1245 2676 primo

130 2721 224 2760 versu
247 2702 383 2761 defuncti
406 2701 538 2761 redimus
562 2701 601 2760 ad
623 2702 762 2774 tertium,
786 2702 818 2758 in
836 2720 895 2778 quo
914 2701 973 2759 iarn
989 2704 1086 2761 minor
1101 2705 1151 2762 vel
1168 2705 1245 2764 adeo

129 2806 215 2865 nulla
233 2807 454 2866 Hermanniani
474 2806 590 2864 inventi
612 2807 688 2866 fides
711 2816 767 2867 est.
814 2807 881 2882 Ego
905 2805 975 2863 dum
995 2808 1089 2867 Nonii
1115 2811 1244 2888 scriptu-

130 2933 195 2970 ram
217 2916 267 2970 rior·
288 2933 364 2971 nunc
386 2916 513 2972 semiviri
532 2921 648 2972 teretem
675 2934 785 2972 comam
812 2916 951 2970 uolantem
975 2917 1087 2972 iactant
1109 2920 1159 2974 tihi
1177 2922 1249 2992 palli

130 3027 162 3075 et
182 3018 396 3077 necessitatem
415 3039 522 3077 versus
539 3018 715 3091 considere,
738 3041 776 3078 ne
797 3022 867 3092 palli
886 3018 1008 3096 quidem
1024 3020 1169 3080 Varronis
1191 3023 1246 3082 sed

129 3123 355 3201 interpolatoris
372 3144 440 3183 esse
456 3124 529 3182 mihi
543 3123 729 3202 persuadeo,
749 3126 800 3203 qui
815 3129 941 3182 semiviri
955 3125 1137 3202 explicabat.
1161 3129 1245 3206 Ergo

129 3249 255 3287 mancus
280 3237 402 3288 maneat
424 3248 546 3302 versus,
570 3227 689 3287 sedita
710 3237 802 3288 utne
825 3229 1005 3288 adversetur
1024 3232 1175 3290 numeris:
1232 3297 1234 3303 ,

283 3372 400 3423 teretem
421 3384 530 3423 consum
554 3368 693 3424 voluntem
715 3369 825 3423 iactant
846 3369 896 3423 tibi
912 3399 929 3418 υ
946 3401 963 3417 υ
980 3393 1012 3429 2.

132 3499 275 3578 Suppleri
295 3507 397 3578 potest
412 3500 463 3559 vel
483 3502 595 3574 Cybele,
618 3499 668 3557 vel
684 3498 768 3557 aliud
785 3499 892 3557 simile.
932 3499 999 3557 Nec
1019 3504 1140 3569 iactant,
1164 3501 1246 3579 quod

131 3625 225 3683 supra
240 3605 337 3682 tetigi,
362 3604 484 3665 obstare
504 3605 701 3664 concinnitati
714 3603 859 3676 concedo,
881 3603 912 3662 id
928 3604 1009 3682 quod
1025 3625 1095 3663 mox
1109 3607 1244 3683 patefiet.

129 3711 240 3769 Restat
262 3731 369 3769 versus
392 3709 525 3768 medius:
551 3713 653 3767 libicos
675 3712 726 3767 tibi
746 3728 823 3767 nunc
844 3715 977 3771 semiviri.
1016 3712 1174 3788 Integrum
1193 3713 1246 3772 he-

130 3816 313 3875 mistichium
335 3817 503 3896 posterius:

638 3926 689 3981 ribi
709 3942 785 3980 nunc
805 3925 939 3992 semiviri,

129 4058 213 4135 prius
237 4056 317 4116 bona
338 4065 424 4135 parte
449 4066 607 4116 curtatum.
653 4059 759 4117 Possis
784 4057 936 4117 defectum
958 4059 1009 4118 vel
1032 4060 1075 4118 ita
1097 4063 1245 4121 resarcire

212 4234 217 4241 -
284 4197 385 4251 tibinos
408 4192 543 4270 [conimu’
565 4193 674 4270 modos]

133 4329 234 4386 soluta
254 4328 345 4386 ionici
368 4329 443 4388 arsi:
472 4329 636 4388 molossum
654 4329 685 4387 in
710 4329 794 4388 initio
816 4329 1000 4389 hemistichii
1021 4330 1046 4388 si
1064 4350 1125 4387 non
1141 4329 1244 4388 Catul-
