2760 4890
188 304 251 370 220
285 311 298 329 ·
340 279 348 289 ’
622 318 878 370 conrncrnvns.

189 499 278 539 narro
301 479 394 565 haee3
417 479 473 538 sed
495 478 546 559 qui
570 479 798 539 circumstantes
822 478 973 548 viderunt,
996 499 1058 537 uon
1080 480 1171 539 credo
1194 479 1310 539 risuros
1369 542 1374 550 ,

191 605 274 661 esse,
297 585 404 645 videre
420 584 538 658 videor,
559 593 592 644 ut
610 586 731 645 hiantes
746 594 777 644 et
792 584 996 664 obstupefacti
1010 585 1148 673 adstent3
1173 584 1312 644 ridentes

172 713 229 752 ·ne
252 693 351 752 audeo
374 691 496 772 quidem
517 694 661 769 cogitare.
698 691 840 752 Ceterum
854 690 959 749 videre
978 691 1061 765 lieet,
1082 711 1173 772 quam
1187 689 1311 750 lenibus

157 791 161 808 “
190 798 406 858 mutationibus
440 798 601 858 defunctus
631 800 702 872 sim,
736 807 769 856 ut
798 799 849 878 qui
876 782 943 857 lere
965 798 1052 877 {nihil
1083 799 1198 874 egerim
1225 797 1310 856 aliud

150 940 156 951 ·
191 927 282 986 quam
311 908 423 967 rectius
452 887 548 964 verba
576 905 777 964 distinxerim:
813 925 831 964 a
859 926 920 984 qua
946 905 1074 982 lenitate
1102 905 1194 982 longe
1222 905 1312 964 abest

191 1013 380 1091 superiorum
403 1012 537 1072 licentia.
582 1010 725 1091 Denique
749 1010 830 1090 quod
858 1032 920 1069 non
947 1012 1097 1086 integrum
1121 1012 1308 1069 enuntiatum

190 1117 340 1196 praestiti,
361 1118 416 1178 sed
435 1120 603 1179 desiderari
625 1120 657 1176 in
679 1118 739 1176 fine
760 1117 888 1177 verbum
911 1120 968 1190 aio,
992 1138 1052 1176 non
1075 1117 1210 1176 offendet
1229 1137 1308 1189 eum,

192 1225 243 1303 qui
269 1224 402 1283 Nonium
424 1226 476 1284 vel
505 1247 523 1284 a
548 1226 652 1285 limine
682 1234 715 1283 ut
743 1225 827 1284 aiunt
854 1226 1042 1285 salutaverit.
1088 1223 1165 1281 Sunt
1193 1222 1255 1280 alia
1277 1222 1310 1280 in

190 1329 249 1388 hae
275 1337 382 1389 satura
407 1332 562 1391 commode
585 1332 750 1413 aliquando
773 1330 940 1403 monenda,
970 1330 1056 1390 velut
1078 1328 1245 1389 Oehlerum
1270 1348 1311 1386 ne

190 1435 306 1496 vidisse
330 1438 452 1516 quidem
474 1439 509 1497 fr.
528 1447 544 1500 4
566 1443 674 1498 Eodem
697 1443 850 1497 coniecisse
871 1455 952 1495 mera
972 1438 1114 1495 miracala
1132 1437 1235 1492 Nescio
1252 1454 1311 1508 qna

192 1551 222 1601 et
250 1545 406 1602 metricum
436 1565 503 1605 esse
531 1555 560 1604 et
589 1544 737 1605 artissime
766 1545 930 1603 cohaerere
954 1563 1021 1601 cum
1045 1543 1081 1601 fr.
1107 1552 1137 1604 11
1177 1544 1260 1600 Haec
1281 1547 1311 1599 in

192 1657 280 1709 nino.
298 1654 340 1710 bis
373 1661 450 1710 terve
478 1657 667 1711 tudicnlasse:
702 1651 898 1732 eiusdemque
930 1649 1100 1708 socordiam
1136 1650 1310 1728 corrupisse

192 1757 261 1819 lna
290 1760 325 1816 Ut
346 1767 394 1816 eat
409 1778 444 1817 ac
467 1762 685 1831 rempublicam
708 1763 858 1833 ministret,
882 1761 959 1830 quod
975 1761 1184 1830 polliientent,
1203 1756 1312 1835 inquo

193 1883 209 1921 e
239 1862 324 1922 libris
356 1864 493 1925 omnibus
522 1871 703 1925 administret
728 1863 936 1943 recipiendum
962 1863 1019 1921 fuit
1050 1857 1107 1922 nco
1137 1862 1313 1942 spernenda

193 1969 300 2043 forma,
324 1991 415 2051 qnam
436 1971 597 2030 Leidensis
618 1972 740 2052 quidem
762 1972 793 2030 in
815 1989 850 2028 eo
871 1968 1014 2029 lemmate
1031 1969 1125 2028 Nonii
1146 1989 1176 2047 p.
1194 1977 1254 2040 1⁶26,
1278 1980 1313 2030 lo

194 2077 365 2135 constantia
387 2078 505 2150 suadet,
530 2084 671 2150 ieientent,
693 2056 731 2139 de
755 2098 815 2159 qua
837 2075 909 2135 vide
932 2073 1136 2135 Ribbeckium
1156 2076 1195 2135 ad
1219 2077 1312 2154 cemi-

194 2201 295 2241 corum
317 2182 478 2243 latinorum
501 2186 646 2265 reliquias
667 2209 696 2266 p.
722 2196 779 2248 143.
824 2184 868 2243 Ut
889 2202 928 2240 ne
949 2180 987 2241 ab
1009 2183 1067 2240 hoe
1086 2182 1209 2262 quidem
1229 2184 1311 2261 frag-

193 2298 294 2349 mento
323 2291 441 2348 numeri
469 2289 584 2363 absint,
608 2262 673 2350 ,non
699 2293 795 2369 magis
824 2309 914 2371 quam
943 2310 961 2348 a
986 2272 1092 2362 tertio,
1123 2290 1204 2369 quod
1229 2279 1332 2350 idem'
1368 2366 1373 2375 ἢ

194 2393 345 2456 Oehlerus
367 2396 556 2456 emendando
577 2397 766 2477 depravavit.
1146 2479 1147 2482 Ἴ

279 2502 341 2562 Sed
363 2505 447 2562 mitto
468 2525 548 2583 nunp
569 2505 646 2564 haec
671 2514 701 2563 et
717 2504 778 2563 alia
794 2503 948 2581 complura
966 2504 1108 2583 persequi
1127 2506 1311 2565 accuratius.

36 2654 40 2663 .
192 2609 315 2668 Etenim
335 2610 395 2666 iam
414 2611 507 2669 instat
529 2611 682 2670 discessus
702 2609 741 2669 'ab
762 2610 820 2668 hac
844 2607 919 2668 urbe
943 2618 973 2668 et
996 2612 1194 2670 universitate
1216 2631 1313 2686 meus,

44 2706 48 2711 ³
96 2763 98 2768 .
195 2721 304 2792 urgent
326 2718 450 2792 negotia
471 2718 591 2794 longius
610 2715 767 2797 aplacida
782 2735 932 2773 musarum
948 2715 1168 2794 tranquillitate
1184 2726 1311 2789 remota,

194 2822 330 2880 imminet
351 2841 397 2894 ea,
421 2842 482 2900 qua
503 2823 587 2882 nulla
610 2821 748 2883 acerbius
771 2822 878 2880 vexari
896 2824 1069 2902 philologus
1084 2832 1196 2902 potest,
1219 2823 1312 2883 libro-

194 2949 259 2987 rum
285 2929 421 3008 penuria.
465 2929 548 3006 Ergo
570 2929 723 3001 desinam,
746 2929 823 2988 alias
844 2950 911 2988 oum
930 2928 1082 2987 videbitur
1106 2928 1246 2988 adhunc
1268 2929 1312 2987 lo·

195 3055 261 3094 oum
279 3036 444 3095 rediturus:
469 3035 607 3123 desinam
628 3047 729 3096 autem
748 3039 800 3110 ita,
824 3046 858 3095 ut
877 3037 1027 3112 insignem
1044 3043 1106 3093 tam
1125 3034 1313 3112 collegarum

194 3165 286 3226 quam
314 3143 440 3202 aliorum
467 3163 592 3222 quorum
621 3144 651 3202 in
674 3146 813 3204 notitiam
833 3146 905 3203 veni
924 3143 1060 3201 virorum
1081 3141 1310 3212 humanitatem,

193 3250 447 3320 benevolentiam,
473 3252 655 3324 comitatem,
680 3270 741 3330 qua
763 3249 822 3309 frui
842 3269 897 3329 per
919 3248 974 3306 hos
998 3247 1209 3324 duodeviginti
1222 3262 1312 3308 'men-

194 3377 243 3416 ses
267 3357 409 3434 contigit,
435 3376 502 3415 cum
523 3358 687 3434 gratissimi
709 3358 800 3415 animi
823 3356 1044 3434 significatione
1067 3354 1212 3416 recolam.

207 3499 213 3504 ,
281 3460 458 3521 Scribebam
480 3464 512 3522 in
533 3464 733 3523 universitate
747 3445 985 3524 Vratislaviensi
1007 3461 1056 3520 die
1072 3461 1135 3520 XV
1153 3481 1192 3518 m.
1210 3461 1313 3521 Martii

195 3592 223 3630 a.
244 3569 507 3631 MDOCOLVIII.
