2760 4890
159 323 218 387 164
423 309 430 321 ’
589 336 841 386 conuersuri.

157 493 340 554 Gerlachius
362 492 414 553 vel
433 492 585 554 Oehlerus
606 495 726 577 reliqua
744 495 971 575 expediverint,
993 495 1136 574 dispicio.
1178 495 1277 554 Immo

156 597 228 658 dum
244 600 423 677 scripturam
437 600 530 659 Nonii
544 610 652 680 reputo
665 610 695 660 et
707 601 954 680 probabilitatem
965 600 1137 661 sententiae
1152 620 1277 681 sequor,

156 706 235 765 haec
262 707 421 785 scripsisse
450 706 618 767 Varronem
649 708 722 767 mihi
748 708 936 788 persuadeo:
975 711 1039 768 Non
1066 712 1146 767 vides
1168 712 1200 766 in
1218 727 1277 781 pu-

154 816 226 872 blico
246 823 312 872 ante
333 817 477 885 tabernas,
501 834 559 890 qua
577 819 705 890 populus
724 820 848 889 proinde
869 823 902 874 ut
923 818 1056 873 inarato
1075 832 1186 888 porcus
1210 814 1276 873 red-

156 925 216 979 dit?
259 919 296 977 In
318 918 427 999 quibus
451 941 519 979 cum
540 921 595 979 illa
616 921 660 980 sic
682 921 714 979 in
736 922 861 1002 antiquo
883 920 989 980 codice
1012 927 1139 980 exarata
1161 920 1277 979 fuerint

154 1031 184 1084 in
202 1019 387 1100 publicdnte,
418 1036 557 1107 apertum
583 1029 633 1106 qui
656 1026 727 1086 inde
750 1035 848 1086 ortum
870 1029 910 1088 sit
931 1026 1008 1086 illud
1031 1026 1113 1107 quod
1135 1026 1207 1085 libri
1228 1034 1276 1085 'te-

155 1139 229 1191 nent
256 1135 286 1188 in
305 1119 423 1203 publica
445 1144 555 1193 nocte..
580 1122 654 1194 Vult
681 1141 784 1192 autem
806 1142 878 1193 ante
901 1132 1044 1201 tabernas
1065 1131 1148 1213 quod
1168 1132 1273 1210 lapide

154 1246 269 1297 stratae
301 1238 372 1296 viae
405 1260 465 1298 non
499 1241 573 1312 sint,
607 1238 712 1318 populi
747 1238 952 1299 ambulatione
984 1237 1161 1318 paullatim.
1182 1240 1272 1318 quasi

154 1364 263 1425 porcas
291 1345 322 1403 in
348 1363 420 1423 agro
448 1354 563 1405 extare.
607 1347 645 1402 In
662 1347 778 1418 publico
801 1352 867 1402 ante
894 1349 1031 1404 tabernas
1054 1344 1142 1419 dicit,
1167 1365 1273 1426 quem·

155 1450 318 1512 admodum
336 1450 368 1508 in
388 1471 425 1509 ea
447 1459 559 1522 satura,
583 1449 632 1507 cui
649 1447 801 1508 Oehlerus
819 1448 905 1532 hunc
917 1450 1062 1509 ficticium
1083 1452 1206 1511 titulum
1228 1453 1273 1509 in-

156 1559 278 1637 scripsit
305 1563 515 1613 Zursrnrnrrn:
560 1559 590 1612 in
622 1557 690 1630 foro
719 1565 785 1614 ante
811 1559 952 1615 lanienas.
1001 1556 1069 1615 Nec
1098 1557 1275 1615 anacoluthi

154 1685 270 1744 genus,
299 1660 382 1742 quod
402 1662 483 1720 inest
502 1663 533 1721 in
558 1660 619 1719 illis
641 1659 760 1735 verbis,
789 1661 921 1720 alienum
944 1668 991 1719 est
1013 1681 1031 1720 a
1052 1663 1208 1722 Varrone:
1234 1662 1275 1720 cf.

155 1783 373 1830 Fuuxrnrutanun
396 1769 433 1827 fr.
458 1779 487 1829 l:
516 1771 580 1826 Nun
605 1772 681 1826 vides
708 1772 738 1827 in
766 1772 855 1826 uineis
880 1772 957 1843 quod
978 1772 1036 1826 tria
1054 1774 1128 1843 pala
1149 1772 1276 1829 habeant

154 1881 276 1951 tripules
299 1879 375 1934 dici?
424 1875 534 1954 Neque
563 1872 696 1932 alienum
733 1872 816 1953 quod
845 1874 951 1934 scribit
977 1866 1150 1953 de'lingua
1176 1875 1275 1936 latina

154 1983 252 2045 VIII
280 1985 345 2040 Non
366 1981 634 2054 reprehendendum
656 1983 745 2054 ipitur
761 1984 790 2038 in
810 1985 875 2052 iltis,
899 1986 995 2056 quiin
1013 1986 1171 2041 scrutando
1189 1985 1275 2040 uerbo

153 2095 266 2150 litteras
293 2091 431 2146 adiiciunt
462 2095 513 2144 aut
540 2090 666 2146 demunt.
711 2085 760 2146 uf.
791 2085 830 2146 Ο.
850 2089 974 2148 Mtilleri
996 2088 1095 2167 praef.
1122 2107 1154 2166 p.
1176 2104 1274 2146 xxxv.

154 2199 204 2258 De
225 2195 360 2255 tabernis
383 2191 454 2251 vide
472 2191 604 2252 Beckeri
622 2192 746 2252 Gallum
761 2193 794 2252 ΙΙ
808 2216 837 2274 p.
855 2202 920 2258 197:
943 2193 982 2253 de
998 2194 1042 2253 eis
1061 2208 1142 2274 quae
1160 2195 1192 2252 in
1208 2193 1274 2252 foro

155 2312 243 2366 erant
262 2321 360 2382 nuper
382 2298 549 2376 disputavit
568 2298 740 2360 Urlichsius
759 2303 791 2361 in
811 2323 890 2362 novo
913 2321 1017 2362 museo
1040 2299 1140 2359 Rhen.
1159 2299 1228 2358 XII
1243 2320 1274 2379 p.

154 2423 205 2476 215
226 2431 293 2490 sqq.
310 2414 339 2467 in
362 2415 446 2466 arato
462 2403 545 2486 quod
560 2403 711 2466 Oehlerus
726 2409 878 2488 Propertii
891 2429 984 2469 versu
1000 2407 1017 2466 Ι
1036 2415 1062 2480 6,
1079 2414 1114 2469 32
1128 2404 1274 2478 illustrat,

153 2540 215 2579 non
244 2514 374 2577 attendit
407 2512 569 2571 discrimen
601 2513 681 2573 inter
714 2521 824 2594 potitae
859 2522 889 2574 et
919 2513 1066 2574 Varronis
1097 2511 1274 2570 dictionem.

117 2650 123 2658 ’
154 2631 251 2686 Parca
271 2642 350 2704 quae
369 2627 511 2691 vocetur,
541 2617 622 2678 idem
644 2620 742 2679 Varro
765 2620 840 2680 dicit
868 2619 906 2680 de
927 2620 1032 2697 lingua
1053 2617 1150 2676 latina
1171 2617 1201 2678 V
1223 2627 1273 2682 39:
1369 2634 1372 2639 ’

154 2737 231 2808 Aper
256 2748 344 2810 araus
373 2735 400 2785 et
428 2729 576 2784 arationes
603 2732 638 2787 ab
667 2733 795 2787 arando.-
829 2730 864 2784 ab
892 2744 925 2784 eo
950 2729 1027 2801 quod
1051 2729 1150 2783 aratri
1176 2741 1275 2784 vomer

155 2841 284 2907 sustulit,
307 2838 422 2892 sutcus:
454 2852 510 2905 quo
529 2850 563 2891 ea
585 2841 666 2892 terra
684 2841 776 2905 iacta,
800 2839 830 2892 iat
852 2851 891 2891 ex
908 2837 1043 2907 proiecta
1063 2849 1189 2905 porca.
1223 2830 1273 2923 Cf.

153 2943 368 3003 Irachmannus
400 2939 471 2999 novi
498 2941 593 2999 musei
620 2941 719 3005 Rhea.
744 2943 778 3001 II
806 2962 837 3020 p.
868 2948 930 3002 362.
980 2938 1011 2997 A
1044 2935 1152 3017 quibus
1179 2935 1275 2996 distat

155 3048 291 3109 eiusdem
315 3045 462 3107 Varronis
485 3047 649 3125 explicatio
672 3047 711 3108 de
732 3068 765 3107 re
786 3049 900 3107 rustica
917 3045 1004 3117 129,
1024 3053 1041 3107 3
1066 3049 1144 3119 quod
1163 3053 1208 3103 est
1230 3049 1273 3102 in-

153 3166 198 3215 ter
220 3159 292 3213 duos
313 3157 422 3223 sulcos,
451 3158 528 3212 etatn
550 3163 646 3225 terro,
670 3158 777 3214 dieitur
792 3173 921 3229 porca,
954 3154 1031 3226 quod
1046 3167 1082 3208 ea
1103 3167 1184 3226 sepes
1204 3152 1274 3225 sru-

144 3270 278 3321 rmentum
299 3263 430 3335 porricit.
462 3259 509 3320 Of.
528 3260 647 3319 Nonius
661 3279 690 3338 p.
709 3269 753 3333 61,
772 3268 819 3322 19:
841 3257 894 3316 ubi
911 3277 978 3315 cum
996 3275 1105 3335 porcas
1126 3255 1273 3335 explicat,

152 3370 248 3429 nostri
259 3368 320 3426 loci
335 3387 396 3425 non
410 3365 554 3438 meminit,
571 3386 662 3444 quern
676 3364 731 3425 sub
745 3364 853 3424 eadem
864 3383 942 3423 voce
955 3383 986 3441 p.
998 3371 1059 3450 152,
1074 3371 1107 3425 19
1119 3362 1273 3441 ascripsit.

148 3479 273 3551 proinde
291 3472 374 3555 quod
394 3481 440 3533 est
460 3475 492 3532 in
513 3472 661 3532 Leidensi
681 3491 736 3550 pro
754 3475 878 3545 perinde
902 3468 1005 3550 sperni
1025 3488 1086 3527 non
1107 3467 1222 3560 debuit.

238 3600 370 3658 Restant
391 3597 450 3656 duo
474 3596 512 3657 de
534 3597 592 3656 hac
615 3603 719 3655 satura
740 3596 921 3673 fragmenta,
945 3613 1072 3675 quorum
1092 3594 1225 3652 alterum

238 3750 355 3810 XXIII
371 3749 430 3828 (24)
454 3753 568 3824 Aliquot
591 3752 700 3808 Itoniae
721 3755 796 3817 sunt,
819 3752 869 3822 qui
888 3751 976 3806 celtas
994 3749 1124 3806 vinarias
1141 3745 1275 3820 fructuis

151 3874 242 3914 eausa
263 3857 416 3930 fecerunt,

151 3992 256 4051 nescio
279 3999 380 4049 utrum
401 3991 441 4050 ad
462 3999 632 4050 structurae
655 3990 777 4051 aedium
798 3990 932 4048 rationes
955 3998 1000 4049 an
1017 3988 1057 4048 ad
1079 4008 1148 4048 eum
1169 3988 1272 4047 locum

123 4095 364 4174 ,disputationis
393 4096 539 4171 referam,
568 4097 620 4176 qui
643 4097 700 4155 fuit
717 4095 756 4155 dc
779 4095 913 4154 ciborum
933 4116 969 4155 ac
992 4096 1201 4155 conviviorum
1224 4096 1270 4154 lu·

151 4203 248 4261 xurie.
293 4205 431 4260 Fructuis
452 4221 542 4260 causa
565 4201 647 4282 qnod
671 4201 753 4276 dicit,
774 4202 935 4283 opponitur
957 4205 1152 4262 delectationis
1169 4220 1270 4273 eausa,

149 4315 297 4385 utsupra
318 4327 349 4386 p.
369 4319 403 4370 55
423 4308 455 4367 in
477 4314 626 4366 Marcionis
650 4310 687 4367 fr.
710 4309 759 4367 H:
781 4309 821 4368 cf.
844 4310 942 4371 Varro
966 4308 1004 4367 de
1025 4328 1058 4367 re
1080 4310 1197 4369 rustica
1218 4310 1270 4368 III

889 4538 899 4568 Ι
