2760 4890
179 315 218 376 84
612 323 869 374 CONIECTANEA.

179 506 240 543 non
265 505 389 564 possum
415 504 475 542 non
498 481 598 542 eidem
617 483 745 542 alterum
769 483 901 545 demere.
945 485 1025 544 Nam
1043 487 1124 566 quod
1148 487 1305 548 Oehlerus

181 591 251 653 sni
275 590 442 664 Gerlachii,
465 598 497 647 ut
518 589 649 661 videtur,
671 589 814 649 indicium
833 602 955 651 secutus
978 594 1021 652 ita
1046 593 1223 670 distinguit:

424 763 470 818 Ao
487 762 607 818 biviram
631 763 720 829 venio,
741 778 805 818 curn
828 765 925 820 vetlem
944 766 1102 834 ostendere,
1126 767 1198 836 quid

338 869 451 934 Vellem,
474 866 649 934 Metamelos,
674 867 891 926 Inconstantiae
909 872 990 942 filius

332 974 379 1030 Me
402 976 603 1047 reprehendit,

180 1146 238 1185 nec
257 1125 337 1205 quod
356 1125 402 1184 illi
423 1124 574 1184 voluerint
596 1123 684 1182 metri
706 1143 802 1200 genus
825 1145 892 1184 esse
914 1126 1076 1204 intellego,
1098 1146 1157 1186 nec
1179 1128 1303 1185 omnino

181 1252 304 1311 possum
338 1232 380 1290 ibi
408 1230 561 1290 numerosi
587 1230 661 1312 quid
689 1231 763 1289 meis
794 1230 915 1291 auribus
939 1234 1109 1313 percipere.
1156 1232 1303 1293 Ceterum
1353 1287 1361 1304 ,

182 1359 241 1417 quo
270 1339 422 1397 sententia
451 1346 534 1396 recte
556 1336 692 1413 legatur,
716 1340 851 1415 graviter
872 1359 953 1419 pone
976 1344 1057 1398 oenio
1080 1339 1226 1418 distingui
1249 1339 1303 1399 de-

181 1444 244 1503 bet.
287 1445 337 1502 De
359 1463 437 1503 voce
461 1446 566 1513 bivira,
595 1462 686 1522 quam
710 1465 767 1504 nec
796 1444 948 1505 Oelrlerus
987 1466 1045 1506 nec
1076 1467 1166 1527 quem
1195 1446 1304 1507 laudat

181 1548 352 1608 Freundius
374 1557 457 1614 recte
481 1549 615 1627 accepit,
646 1551 812 1610 consultius
838 1552 955 1611 eratin
977 1551 1070 1611 Nonii
1093 1555 1303 1635 explicatione

183 1656 379 1746 acquiescere
412 1653 454 1734 (p.
484 1662 535 1731 79,
563 1653 628 1732 21):
665 1657 808 1716 ‘biviras’
842 1674 916 1731 quos
944 1675 1014 1716 usus
1042 1661 1144 1717 biduos
1175 1662 1303 1732 (viduas)

182 1768 318 1837 appellet.
354 1762 489 1822 Biviram
510 1762 590 1821 enim
610 1782 629 1819 a
651 1763 789 1822 Varrone
810 1771 884 1842 puto
905 1763 1114 1838 προληπτικῶς
1137 1763 1199 1823 dici
1224 1784 1304 1844 eam,

184 1889 262 1949 quae
286 1889 352 1927 cum
370 1868 464 1928 vidua
481 1869 530 1941 sit,
552 1868 642 1927 alteri
663 1869 729 1927 viro
749 1866 863 1928 nubere
886 1870 997 1947 cupiat
1027 1870 1177 1950 Depingit
1199 1878 1305 1929 autem

183 1976 280 2035 Varro
302 1974 404 2054 lepide
428 1975 550 2033 anxium
572 1982 603 2032 et
621 1973 845 2033 inconstantem
866 1977 1027 2055 petitorem
1047 1978 1160 2036 uxoris.

267 2100 408 2179 Denique
431 2117 499 2156 cum
521 2097 617 2157 semel
639 2098 671 2155 in
692 2097 751 2156 hac
772 2106 875 2157 satura
895 2098 1049 2174 deverser,
1073 2100 1210 2161 breviter
1225 2121 1244 2159 a
1263 2102 1303 2160 ir.

184 2218 201 2270 3
228 2206 377 2286 repellam
404 2204 536 2283 ineptias
552 2202 699 2265 ,Oehleri
737 2203 850 2263 Scribit
878 2205 957 2263 enim
984 2206 1104 2267 Nonius
1128 2229 1159 2287 p.
1183 2216 1246 2280 39tl,
1265 2206 1303 2270 '31

115 2377 117 2381 ¹
184 2314 340 2372 ‘Sacrum'
371 2320 413 2370 est
445 2318 593 2368 sacratum
622 2314 666 2368 nel
693 2315 888 2386 relictorum·
918 2314 993 2388 Viro.
1017 2347 1060 2357 --
1080 2346 1132 2368 -.
1178 2315 1304 2372 Sacrum

182 2425 266 2478 etiam
288 2422 436 2478 scelestum
460 2424 488 2474 et
505 2419 683 2482 detestatam
703 2423 743 2477 ito
765 2428 793 2476 et
807 2429 1014 2479 consecratum.
1044 2423 1190 2496 Afranius
1205 2455 1247 2464 -
1261 2454 1306 2463 -

191 2527 284 2584 Varro
306 2527 380 2598 Lepe
401 2525 511 2581 Minio:
534 2525 654 2599 ‘siponti
673 2541 761 2582 sacro
781 2541 842 2581 esse
865 2529 1020 2600 desierunt,
1039 2537 1232 2602 posteaquam
1252 2530 1304 2585 bo·

183 2636 273 2689 mines
295 2638 363 2689 sunt
381 2630 477 2703 sacti?
521 2629 559 2688 ld
581 2630 661 2709 quod
684 2631 783 2710 quivis
807 2631 859 2710 qui
881 2640 997 2693 attente
1019 2633 1113 2694 Nonii
1133 2631 1235 2691 locum
1257 2635 1304 2693 in·

184 2739 316 2817 spiceret
357 2734 537 2812 intellegere
569 2737 682 2816 potuit,
715 2736 824 2796 deesse
852 2737 883 2796 in
908 2739 1053 2799 Varronis
1085 2740 1241 2798 enuntiato
1272 2739 1305 2798 id

185 2843 267 2924 quod
290 2863 325 2902 eo
348 2841 501 2900 illustrare
516 2841 634 2901 Nonius
651 2844 758 2915 voluit,
778 2843 837 2901 hoc
852 2843 1009 2921 perspexit
1028 2842 1130 2902 Lucas
1144 2845 1305 2904 Fraterius

183 2950 215 3008 in
235 2947 450 3009 verisimilibus
464 2949 498 3007 Π
513 2957 541 3022 4,
562 2950 613 3028 qui
635 2950 667 3007 in
688 2950 747 3007 fine
768 2949 938 3007 sententiae
958 2953 1039 3006 socri
1054 2948 1126 3007 addi
1141 2951 1304 3009 verissime

183 3056 281 3114 iubet:
316 3076 407 3134 quam
433 3075 541 3114 vocem
570 3055 744 3133 absorptam
764 3062 836 3132 puto
860 3053 897 3112 ab
917 3054 1090 3134 insequenti
1112 3055 1206 3114 Nonii
1227 3056 1302 3115 lem·

184 3172 264 3221 mate
296 3166 397 3220 scrinii.
443 3161 555 3222 Scribit
577 3171 679 3223 antem
700 3159 858 3220 Fruterius
881 3168 977 3218 totum
996 3159 1098 3219 locum
1119 3161 1178 3220 hoc
1195 3162 1302 3222 modo:

337 3317 456 3390 Sionoto
484 3333 572 3374 sacro
593 3333 660 3401 nesse
684 3319 846 3386 desierunt,
889 3323 1044 3389 postquam
1073 3317 1202 3374 homines
1228 3317 1306 3390 scroti

993 3428 1062 3478 sunt
1077 3425 1165 3479 socri.

185 3576 272 3655 Quae
299 3595 420 3635 versum
448 3575 629 3653 quadratum
656 3572 804 3653 praebere
826 3579 927 3649 putat:
954 3570 1060 3630 ludere
1078 3572 1249 3634 Varronem
1271 3575 1301 3633 in

184 3683 410 3760 paronomasia,
435 3700 502 3742 cum
520 3680 617 3753 dicat,
646 3700 734 3740 sacra
755 3680 919 3755 resignata,
946 3677 1104 3754 evulgata,
1138 3682 1302 3758 prostituta

184 3808 252 3848 esse
282 3789 435 3866 coepisse,
466 3805 533 3843 cnm
555 3785 614 3843 iam
641 3784 778 3844 homines
801 3783 925 3843 scelesti
948 3791 976 3840 et
1004 3784 1083 3842 sacri
1106 3785 1167 3843 sint
1188 3786 1301 3845 effecti.

183 3896 266 3972 Ergo
288 3900 402 3969 siynrtto
419 3910 507 3950 sacro
526 3891 624 3950 voluit
639 3911 708 3948 esse
723 3890 842 3963 illaesa,
865 3890 1021 3962 inviolata,
1047 3889 1302 3969 quemadmodum

183 4001 317 4059 Lucilius
337 3997 418 4079 apud
433 3997 565 4056 Nonium
580 4018 611 4076 p.
629 4007 687 4069 l'll,
705 4006 722 4059 3
736 4001 877 4071 sionnam
894 4001 1032 4072 virginem
1047 3996 1123 4055 dixit
1138 3996 1301 4055 intactam:

185 4106 222 4166 de
245 4128 305 4186 quo
327 4106 466 4182 Scaliger
485 4105 517 4162 in
541 4105 698 4163 catalectis
719 4125 749 4182 p.
775 4113 832 4165 193.
876 4104 1020 4162 Attamen
1043 4110 1075 4161 ut
1097 4103 1170 4162 milri
1192 4124 1301 4164 versus

183 4213 240 4271 iste
268 4211 401 4272 Fraterii
426 4211 585 4289 displicet,
613 4213 656 4270 ita
680 4210 718 4269 de
744 4212 877 4289 priorum
908 4194 1112 4288 explicatione
1141 4209 1299 4269 addubito.

181 4319 249 4378 Nisi
273 4320 352 4376 enim
373 4336 460 4376 sacro
483 4319 514 4376 in
536 4318 664 4395 epitheti
684 4317 746 4375 vim
768 4317 931 4394 accipitur,
954 4317 1054 4394 perire
1078 4334 1206 4373 acumen
1231 4335 1299 4373 sen·
