2760 4890
538 333 797 384 corruamus.
1047 376 1054 384 .
1166 320 1225 381 119

102 495 243 576 reliquiis
274 494 449 575 copuletur,
481 492 604 553 obstare
626 494 768 553 videatur
791 493 883 552 alicui
906 493 1037 552 adversa
1059 493 1224 552 sententia-

77 623 170 678 ,rum
190 602 333 661 affinitati
356 601 578 662 enuntiatorum
599 601 808 674 conformatio,
832 620 910 680 quae
933 601 965 659 in
984 600 1037 658 illo
1054 599 1226 675 fragmento

102 716 204 783 recta,
232 709 265 768 in
291 711 468 774 Sasonunxu
492 706 629 786 reliquiis
659 716 706 766 est
726 705 859 786 obliqua.
902 709 1031 767 Praesto
1054 713 1156 763 tamen
1179 714 1225 764 est

102 835 196 874 unum
220 812 259 874 dc
284 814 332 873 his
359 815 497 894 reliquiis
525 813 713 892 exemplum,
743 833 801 893 quo
829 812 975 892 probetur
1000 813 1124 872 licuisse
1145 813 1222 874 Var»

102 921 170 980 roni
189 921 271 979 intra
290 922 378 979 unius
399 920 507 1000 paullo
526 918 699 998 prolixioris
716 919 993 1000 comprehensionis
1011 919 1087 978 fines
1107 928 1224 978 erecta

102 1025 428 1113 orationeldeflectere
447 1029 479 1088 in
501 1026 658 1107 obliquam
680 1026 731 1085 vel
750 1026 892 1086 invicem.
927 1025 965 1083 In
985 1029 1127 1081 Ssxrnassi
1146 1024 1225 1082 enim

103 1152 175 1192 cum
200 1133 298 1193 Varro
333 1131 371 1192 de
398 1151 432 1191 sc
459 1134 586 1212 incipiat
618 1153 743 1193 narrare
765 1134 803 1196 fr.
829 1143 841 1193 l
881 1133 918 1190 Se
945 1136 1147 1204 circumspecte
1180 1139 1223 1189 at·

102 1257 158 1314 quc
181 1242 337 1308 invenisse,
365 1257 429 1297 cum
453 1243 579 1298 dormire
600 1245 739 1314 coepisset
762 1250 819 1299 ium
842 1242 952 1315 glaber,
977 1256 1064 1313 quum
1088 1234 1238 1295 Socrates

102 1349 211 1414 curus,
233 1362 265 1403 se
285 1361 347 1403 esse
367 1345 480 1417 factum
504 1350 623 1405 ericium
645 1364 660 1404 e
679 1350 749 1421 pilis
772 1351 844 1406 albis
865 1366 928 1405 cum
949 1348 1130 1419 proboscide,
1153 1363 1222 1421 per·

102 1451 181 1510 texit
203 1449 314 1509 deinde
334 1461 450 1511 rectam
472 1455 639 1512 orationem
662 1456 699 1512 fr.
723 1463 754 1514 2:
779 1457 899 1512 Romam
921 1468 1073 1529 repressus
1093 1452 1133 1508 ibi
1152 1452 1224 1508 nihii

102 1560 222 1632 offendi,
245 1561 322 1632 quod
337 1544 403 1616 unu
419 1577 511 1617 uuuos
525 1564 741 1636 quinquaqinta,
763 1581 827 1620 cum
844 1564 972 1636 primum
990 1561 1116 1617 dormire
1132 1561 1222 1632 coepi,

71 1658 80 1665 ”
102 1668 216 1737 reliqui,
237 1665 334 1723 etsie
355 1664 499 1745 deinceps
521 1645 649 1747 reliqua.
686 1668 867 1739 Adiieiatur,
891 1685 950 1746 quo
965 1666 997 1723 in
1011 1664 1063 1723 illo
1080 1663 1220 1743 exemplo

102 1769 234 1829 variatio
263 1777 434 1832 structurae
464 1783 639 1849 excusetur,
673 1796 734 1834 non
762 1775 897 1855 potuisse
925 1771 1033 1831 eodem
1061 1791 1120 1850 quo
1149 1771 1221 1850 Epi-

53 1875 58 1889 “
103 1897 202 1936 curus·
217 1879 347 1958 compito
371 1879 538 1939 collocatus
566 1883 605 1940 sit
630 1880 822 1942 Oameadem
843 1888 873 1938 et
894 1881 1048 1938 Zenonem
1070 1858 1240 1938 constare..

101 1984 254 2063 Epicurus
282 1984 361 2042 enim
394 2005 462 2044 cum
493 2007 577 2045 suam
601 1987 639 2047 de
664 2008 779 2048 summo
805 1987 885 2046 bono
908 1988 1089 2046 sententiam
1113 1986 1219 2066 volup·

101 2085 254 2168 tate'regi
276 2089 439 2165 voluisset,
462 2094 579 2153 Zenoni
603 2103 633 2153 et
658 2094 809 2155 Oameadi
833 2093 998 2152 communis
1022 2100 1088 2152 erat
1108 2094 1218 2173 primo·

101 2217 167 2256 rum
199 2205 329 2256 naturae
358 2204 532 2274 respectus,
565 2200 714 2262 dissensio
741 2221 778 2260 ea
803 2201 919 2258 ratione
949 2198 1123 2272 constabat,
1160 2219 1219 2278 qua
1265 2192 1269 2202 ’

100 2304 199 2382 prima
219 2311 347 2362 naturae
374 2312 427 2363 aut
448 2307 598 2383 praeferri
623 2319 675 2369 aut
695 2308 783 2368 subdi
804 2307 932 2364 honesto
955 2303 1110 2364 volebant.
1155 2306 1217 2364 Ne-

102 2429 161 2489 que
181 2409 215 2469 id
235 2409 325 2468 nimis
346 2428 451 2486 urgeo,
471 2412 554 2492 quod
574 2416 605 2473 in
622 2416 676 2474 illo
699 2417 830 2494 compito
847 2413 983 2484 dextera,
1002 2412 1132 2485 sinistra,
1155 2432 1217 2472 me·

102 2516 162 2591 dia,
185 2518 217 2576 in
238 2517 297 2577 hoc
318 2535 388 2589 una,
410 2517 517 2591 altera,
538 2521 630 2578 tertis
650 2522 720 2580 viae
740 2520 884 2597 distingui
906 2518 1076 2577 videantur.
1121 2520 1217 2578 Immo

58 2623 67 2636 “
99 2624 237 2703 potuisse
259 2642 311 2682 eas
332 2623 477 2704 reliquias
495 2627 566 2685 olim
582 2628 803 2707 aliquomodo
826 2647 958 2687 conexas
977 2625 1072 2684 fuisse
1088 2645 1150 2683 non
1165 2624 1216 2684 de·

99 2748 189 2806 nego,
203 2748 387 2808 quamquam
400 2732 444 2790 ita
454 2751 516 2789 non
529 2739 648 2806 coeunt,
665 2744 698 2793 ut
711 2737 798 2814 quasi
810 2745 913 2795 mutuo
926 2732 1061 2813 copulari
1072 2733 1215 2811 gestiant.

99 2834 230 2894 atvero
248 2833 389 2895 abhorret
411 2843 429 2895 a
450 2857 533 2896 more
549 2839 695 2898 Varronis
712 2849 835 2900 saturae
853 2841 1031 2921 simpliciter
1047 2838 1108 2896 tale
1125 2837 1216 2916 quale

98 2940 158 2999 hoc
174 2949 221 2999 est
237 2937 305 3019 περὶ
321 2938 459 3021 αἱρέσεων
474 2944 651 3019 inscribere,
668 2966 726 3005 nec
739 2950 835 3025 magis
847 2949 984 3025 congruit
996 2945 1131 3005 eiusdem
1146 2964 1215 3003 con-

99 3047 255 3107 suetudini
276 3068 359 3108 mero
380 3049 501 3110 nomine
514 3051 612 3130 ¹quale
635 3060 681 3110 est
700 3052 910 3132 Sesquiulixes
931 3053 1067 3128 defungi.
1112 3049 1216 3129 Quare

100 3152 175 3233 quid
201 3154 390 3234 probabilius
418 3177 508 3236 quam
534 3157 581 3217 his
610 3159 825 3236 conglutinatis
853 3160 1002 3234 integram
1025 3159 1122 3217 esuis
1144 3179 1213 3237 par·

99 3258 183 3319 tibus
204 3248 431 3341 inscriptionem
459 3273 489 3323 et
509 3285 601 3325 unam
620 3274 786 3325 satur-ame
808 3262 924 3322 duabus
947 3264 1118 3341 refingere?
1147 3284 1214 3322 cum
1291 3337 1298 3347 ι

98 3368 280 3448 praesertim
306 3364 431 3448 αἱρέσεις
453 3379 599 3430 tractatas
628 3391 695 3430 esse
723 3373 755 3429 in
783 3367 976 3448 Sesquiulixe
1001 3369 1148 3448 reliquiae
1169 3371 1214 3427 in·
1304 3374 1308 3381 “

100 3462 214 3533 dicen't.
259 3474 468 3537 Concedorem
497 3477 567 3562 liuic
588 3476 812 3536 ratiocinationi
834 3493 895 3532 non
916 3474 1026 3534 deesse
1048 3466 1232 3554 probabili-¹

98 3588 210 3654 tatem,
232 3580 321 3640 modo
348 3586 458 3644 certior
480 3591 562 3643 esset
584 3604 620 3642 ea
645 3587 758 3659 omnis,
785 3601 875 3662 quam
894 3582 1081 3642 Mercklinus
1109 3603 1213 3661 perse-

99 3696 187 3747 cutus
206 3696 266 3762 est,
289 3689 443 3748 titulorum
459 3690 715 3751 Varronianorum
737 3711 857 3750 norma:
881 3711 960 3770 quae
978 3689 1086 3770 quibus
1109 3689 1213 3748 etiam-

98 3817 181 3856 nunc
208 3795 339 3855 obnoxia
365 3797 404 3854 sit
432 3794 685 3870 dubitationibus,
716 3818 755 3857 ne
778 3818 858 3856 nunc
878 3797 966 3856 huius
986 3803 1108 3858 saturae
1127 3811 1213 3856 enar-

98 3904 176 3964 ratio
196 3900 356 3962 immodice
371 3901 615 3980 interrumpatur,
633 3905 754 3983 plenius
771 3924 807 3962 ac
824 3903 928 3962 dedita
941 3897 1035 3982 opera
1049 3903 1129 3962 infra
1144 3925 1212 3982 pro-

98 4010 189 4071 babo.
237 4009 327 4070 Nunc
355 4005 442 4065 nobis
467 4008 548 4067 illius
575 4009 736 4088 fragmenti
761 4022 773 4072 l
799 4017 868 4066 ssim
888 4019 1023 4067 sirannus
1049 4031 1109 4069 non
1136 4012 1214 4070 alius

99 4117 140 4176 ad
160 4116 241 4176 hanc
260 4122 396 4176 saturam
416 4134 488 4174 usus
511 4135 579 4174 esse
598 4125 709 4195 potest,
733 4138 823 4196 quarn
845 4126 878 4175 ut
899 4127 999 4178 mente
1018 4118 1213 4196 suppleamus

99 4242 167 4283 eam
190 4221 402 4302 disputationis
424 4231 557 4302 partem,
587 4223 668 4282 unde
697 4234 859 4315 supersunt
879 4225 952 4284 illae
975 4225 1012 4285 de
1036 4227 1167 4314 Zenone!
1182 4232 1212 4283 et

98 4328 261 4410 Carneade
284 4328 442 4409 reliquiae.
478 4329 623 4408 Suspicor
642 4338 743 4389 autem
761 4329 842 4390 hunc
862 4331 900 4389 de
914 4331 1107 4410 philosophia
1123 4351 1214 4411 prae·⁴
