2760 4890
184 355 224 418 86
496 351 498 356 ⁴
613 367 868 416 conmortuus.

183 528 336 587 recensuit
362 525 484 605 quidem
510 527 562 585 ille
588 526 630 585 ibi
654 526 705 585 ubi
732 535 896 586 metrorum
917 527 1111 586 ‘varietatem
1131 529 1303 606 egregiam'

183 635 329 695 Varronis
353 653 388 692 eo
407 631 549 704 illustrat,
575 633 654 711 quod
674 640 797 712 praeter
814 635 964 693 trimetros
980 633 1128 695 iambicos
1144 637 1303 713 reperian-

181 751 229 800 tur
251 741 342 799 etiam
364 748 533 812 scazontes,
553 739 718 817 galliambi,
740 741 907 799 tetrametri
927 741 1084 816 trochaici,
1108 745 1303 836 anapaestici

181 849 300 907 dimetri
329 855 420 927 atque
447 848 616 908 tetrametri
644 856 675 906 et
701 848 816 906 heroici
844 867 961 907 versuo.
1008 848 1056 909 Of.
1079 847 1236 908 Addenda
1261 850 1303 908 ad

179 978 209 1035 p.
232 966 275 1017 40.
320 955 387 1014 Nec
419 955 451 1013 in
481 955 548 1013 aliis
576 953 664 1012 nimis
686 951 854 1010 verendum
878 962 939 1028 est,
969 975 1008 1014 ne
1031 955 1140 1013 iniuria
1161 955 1217 1014 fiat
1241 955 1300 1030 illi,

179 1084 270 1145 quem
295 1063 385 1123 video
417 1060 467 1120 vel
492 1061 523 1119 in
550 1058 749 1138 apertissimis
778 1058 974 1118 adnotatione
1004 1080 1131 1135 cavere,
1160 1083 1201 1121 ne
1230 1064 1300 1143 quis

178 1173 312 1230 incertus
341 1169 379 1228 de
407 1175 503 1224 metro
525 1165 666 1236 haereat,
695 1170 729 1221 ut
749 1185 779 1242 p.
804 1174 855 1226 130
882 1165 919 1224 fr.
949 1175 965 1226 2
1009 1170 1074 1226 Non
1092 1186 1176 1241 posse
1201 1177 1301 1227 ostrea

177 1295 208 1335 sc
237 1280 346 1336 Romae
369 1275 513 1349 praebere
540 1280 570 1330 et
595 1273 711 1329 echinos
739 1271 806 1330 ‘est
830 1272 1028 1337 hexameter'
1058 1273 1236 1353 adscripsit,
1269 1284 1301 1332 et

155 1398 208 1460 ‘p.
233 1391 284 1443 204
313 1382 350 1440 fr.
373 1391 390 1442 3
417 1378 488 1437 huic
506 1379 608 1436 versui
635 1379 675 1434 Et
698 1385 799 1448 petere
822 1383 973 1453 imperium
997 1382 1101 1454 populi
1126 1387 1154 1437 et
1180 1389 1301 1438 conten-

178 1493 247 1546 dere
274 1491 412 1546 honores:
446 1493 479 1542 ut
504 1484 640 1555 nescias,
674 1502 746 1541 num
773 1485 885 1544 viderit
922 1493 1075 1542 Drsuuronu
1112 1487 1149 1546 fr.
1181 1501 1194 1549 1
1224 1493 1299 1546 Fer-

179 1613 245 1654 ocrc
269 1598 377 1668 piratis
405 1594 569 1665 vastarique
591 1594 685 1648 omniu
707 1596 831 1663 circum,
861 1594 909 1652 cui
929 1592 1003 1651 nihil
1026 1587 1201 1667 adnotavit,
1225 1597 1301 1654 item

179 1721 248 1760 esse
270 1700 435 1760 heroicum.
481 1697 542 1776 Qui
559 1696 614 1755 -vcl
636 1695 694 1769 ibi,
716 1696 767 1754 ubi
795 1697 853 1756 sibi
879 1721 940 1759 non
968 1720 1093 1780 prorsus
1123 1701 1297 1775 constabat,

178 1806 274 1866 noluit
301 1806 377 1864 alios
401 1825 461 1863 non
482 1804 611 1863 monitos
635 1804 801 1879 dimittere,
823 1813 857 1864 ut
876 1805 947 1864 huic
969 1806 1097 1886 pulchro
1120 1811 1299 1888 septenario

178 1918 288 1967 Brutum
310 1911 347 1969 fr.
369 1919 417 1972 20:

329 2047 423 2104 Setina
446 2064 528 2120 quem
550 2048 647 2104 sesam
665 2050 769 2104 Latiam
793 2048 862 2106 vidit
884 2049 1090 2107 derist'ssimum

176 2185 255 2243 hanc
283 2182 510 2243 memorabilem
539 2182 767 2243 adnotationem
793 2183 938 2246 subiecit:
973 2185 1212 2262 ‘Fragmentum
1234 2187 1297 2245 for-

176 2299 259 2349 tasse
288 2290 440 2369 poeticum
467 2296 527 2361 est,
559 2309 650 2367 quum
681 2289 773 2348 iambi
800 2291 915 2349 insint!
960 2292 1071 2371 Itaque
1100 2282 1161 2350 non
1189 2292 1297 2352 dubito

177 2395 313 2454 eiusdem
342 2402 420 2450 Maru
452 2394 525 2452 mihi
558 2394 715 2453 vindicare
743 2394 949 2455 claudicantes
978 2401 1184 2476 septenarios,
1218 2421 1298 2480 quos

176 2503 229 2559 srr.
251 2510 267 2564 6
288 2507 319 2560 ct
337 2511 369 2561 10
386 2500 529 2557 offerunt:

328 2638 416 2692 Hr'cnc
439 2638 524 2693 Coras
546 2638 605 2694 cibi
625 2639 757 2695 ministro
777 2639 914 2713 [rupibus
932 2639 995 2697 suis
1012 2642 1115 2714 po'rcet

327 2745 445 2800 Baream
468 2762 574 2817 aquam
596 2742 672 2802 bibc't
692 2748 836 2803 salubrem
861 2757 888 2815 ct
908 2749 1002 2821 stabile
1024 2747 1106 2805 csitc't
1128 2749 1207 2822 cape.

176 2879 279 2957 Atque
301 2878 397 2936 inhia
417 2877 539 2956 quidem
555 2880 651 2938 Varro
675 2880 794 2937 omnino
817 2880 855 2939 ab
870 2882 1035 2962 imparibus
1059 2881 1183 2942 sedibus
1202 2906 1294 2964 spon-

178 2984 251 3043 deos
282 2984 388 3062 procul
417 2983 530 3043 habuit.
574 2983 693 3043 Eadem
721 2992 785 3043 arte
815 2987 936 3047 formati
957 2990 989 3048 hi
1011 2997 1174 3068 praeterea
1195 2991 1227 3049 in
1245 2992 1295 3051 his

175 3091 312 3170 reliquiis
335 3098 510 3149 occurrunt:
533 3111 564 3169 p.
585 3100 620 3154 94
643 3090 732 3150 Ochl.

327 3229 415 3296 Quem
436 3236 573 3285 securatur
594 3230 659 3285 crim
680 3234 814 3288 rutundis
832 3230 924 3288 salitis
943 3232 1017 3290 leoco
1030 3233 1170 3305 parracio,

324 3324 521 3409 iintcsipnuat'
539 3340 691 3410 quadratis
711 3338 919 3412 multicipniba'cs
942 3338 1017 3395 tecti.

122 3487 132 3505 ·
173 3473 380 3545 multisipnibus
400 3470 613 3529 Lachmannus
637 3471 676 3546 ad
698 3471 833 3531 Lucretii
851 3473 884 3531 ΙΙ
901 3481 967 3534 toa:
993 3475 1032 3531 cf.
1050 3475 1224 3535 Meinekius
1250 3481 1292 3545 (Z.

170 3581 195 3652 f.
219 3581 251 3635 Α.
281 3581 412 3661 W41845
434 3597 462 3634 a.
484 3575 541 3654 93).
579 3582 709 3651 parrocia
738 3578 828 3637 elicui
850 3600 867 3638 e
889 3580 1069 3658 corruptelis
1091 3580 1238 3642 librorum
1261 3606 1290 3662 p.
1340 3602 1344 3609 ’

173 3693 240 3756 552,
262 3692 310 3746 30:
336 3701 468 3756 parcant
494 3682 600 3742 Bamb.
627 3703 758 3757 parcens
782 3683 810 3762 (e
833 3705 899 3764 sup.
923 3705 939 3744 c
960 3685 1034 3764 scr.)
1058 3688 1215 3748 Wolfeub.
1234 3711 1291 3765 pa-

173 3807 241 3847 rens
264 3788 294 3866 (a
313 3809 379 3867 sup.
401 3807 416 3846 c
439 3785 511 3865 scr.)
537 3788 625 3849 Laid.
644 3795 760 3864 parmis
779 3812 883 3851 omncs
904 3814 934 3871 p.
958 3796 1019 3866 553,
1044 3804 1086 3856 10.

257 3929 287 3987 p.
302 3918 343 3970 ,95
391 3907 451 3965 Ne'c
472 3927 575 3966 munus
598 3913 673 3969 oisco'
696 3916 792 3970 tenaci
812 3913 903 3970 tincta
922 3922 986 3970 crat
1007 3913 1064 3971 oiri
1085 3913 1176 3972 crista.

173 4027 224 4086 Sic
247 4026 434 4087 Meinekius:
465 4025 535 4085 libri
556 4049 587 4106 p.
607 4038 674 4105 267,
704 4041 734 4093 11
759 4034 897 4088 tinxerat.
935 4029 1086 4106 Ochlerus
1114 4031 1200 4092 illato
1224 4039 1292 4092 auri

171 4144 298 4194 metrum
321 4135 463 4212 corrupit.

257 4275 286 4332 p.
312 4265 363 4317 133
402 4296 409 4310 .
434 4297 441 4312 .
463 4263 551 4327 rapta
573 4276 591 4311 u
611 4257 707 4315 nascio
729 4276 785 4330 quo
806 4259 928 4314 mullione
951 4257 1081 4329 'raptoris

394 4352 528 4419 Rumiccs
547 4361 664 4434 rumpit.
747 4404 750 4413 .
