2760 4890
189 326 249 387 106
614 331 871 381 CONIECTANEA.

186 498 283 556 latere
312 495 426 574 opinati
454 500 537 552 sunt:
568 492 612 550 sic
634 492 757 570 Lipsius
778 493 830 547 sub
856 506 1003 559 occasum,
1031 488 1084 548 alii
1103 490 1154 548 vel
1176 493 1230 547 sub
1250 489 1303 549 vel

186 625 225 663 er
254 622 366 662 accerse.
412 601 539 670 Verum,
575 605 608 655 ut
635 605 723 675 puto,
752 596 912 672 Roepcrus
934 596 1064 654 invenit:
1088 601 1200 656 'buccas
1221 616 1302 668 suae,

187 707 440 791 quemadmodum
464 704 592 763 Plautus
620 704 651 760 in
679 701 783 761 Sticho
804 709 852 764 721
878 722 922 783 sq.
954 700 995 780 (V
1017 711 1049 776 4,
1071 702 1138 789 40:
1165 723 1218 780 ape
1240 709 1302 764 tioi-

184 837 245 887 cen‚
269 836 352 890 quem
371 814 471 883 bibisti,
495 813 576 885 refer
596 814 635 868 nd
656 812 753 867 labeas
774 812 865 879 tibias,
889 811 986 884 Susfln
1005 813 1138 867 celeriter
1162 813 1214 868 tibi
1233 813 1302 868 buc-

184 943 250 983 cas:
277 930 307 983 et
334 928 422 978 notus
451 926 498 976 est
521 916 634 975 buccas
657 918 766 976 inflans
788 915 925 994 Iuppiter
946 915 1145 1007 Horatianus.
1190 914 1302 973 Eidem

184 1031 324 1108 Roepero
348 1025 496 1085 debentur
517 1022 648 1080 numeri:

336 1208 341 1219 .
367 1208 372 1219 .
394 1206 400 1218 .
425 1169 525 1218 ecatus
547 1161 651 1216 bercos
672 1176 742 1216 snas
767 1156 959 1215 vehementius

335 1267 464 1342 Snffldre
488 1275 515 1322 ct
533 1268 632 1322 calcor
655 1264 805 1323 demovere
825 1262 993 1340 [flectibus]

182 1408 230 1466 Ibi
259 1416 292 1464 ut
318 1403 371 1462 ille
398 1403 501 1460 nescio
532 1401 598 1479 quis
624 1401 676 1478 qui
704 1401 736 1457 in
765 1399 1012 1479 peregrinatione
1035 1400 1228 1460 conflictatur
1254 1402 1299 1458 in-

183 1520 341 1590 gruentem
367 1509 429 1568 vim
448 1507 549 1578 venti,
579 1506 623 1564 sic
646 1505 818 1583 insequenti
841 1506 878 1564 fr.
902 1507 1092 1565 imminentes
1115 1505 1228 1564 imbres
1252 1527 1298 1565 re-

183 1614 334 1675 formidat.

269 1745 303 1798 13
340 1735 440 1808 Uipere
467 1731 586 1788 volitans
613 1733 729 1797 mulces,
753 1748 858 1803 equam
880 1748 895 1788 c
918 1733 1039 1789 nubibus
1062 1738 1166 1788 tortam
1189 1734 1300 1788 indicet

332 1840 413 1913 sore,
436 1846 468 1895 ut
488 1839 617 1894 textilem
638 1843 743 1909 pastor
764 1838 819 1894 sibi
837 1845 941 1895 sumat.

183 1979 232 2036 Ita
253 1975 323 2034 libri
345 1973 437 2032 Nonii
458 1994 488 2052 p.
513 1980 578 2043 179,
601 1982 628 2042 l,
660 1979 694 2030 ut
716 1973 832 2031 mittam
852 1970 1039 2030 leviusculos
1060 1969 1299 2031 describentium

185 2102 317 2141 errores:
334 2083 402 2155 sore
417 2087 465 2141 ut:
478 2088 582 2152 pastor
596 2080 667 2136 subi.
689 2081 817 2136 tosillam
832 2076 936 2143 dubito
951 2097 1023 2134 num
1036 2079 1152 2136 servari
1168 2077 1296 2138 debeat:

183 2190 214 2246 in
239 2189 381 2246 lemmate
402 2186 494 2244 Nonii
511 2185 652 2244 scribitur
674 2186 822 2259 ‘tepidum’
844 2187 1067 2241 dimminulienm
1083 2203 1100 2240 o
1115 2193 1197 2242 tecto.
1234 2186 1298 2245 Sed

183 2295 306 2370 gravius
328 2292 526 2371 deprevatum
548 2300 594 2349 est
612 2291 728 2349 initium
750 2291 925 2367 fragmenti:
944 2292 975 2349 in
992 2311 1052 2370 quo
1073 2295 1297 2351 1111111111-

183 2418 233 2458 sus
253 2417 330 2457 voce
351 2398 432 2468 Iunii
457 2399 609 2474 sagacitas
632 2396 752 2454 clicuit:
782 2399 867 2456 cuins
892 2397 1134 2458 emendationem
1157 2400 1297 2478 Scaliger

182 2506 312 2584 perfecit
334 2505 365 2563 in
384 2504 588 2562 coniectaneis
606 2523 636 2581 p.
661 2511 704 2573 36,
725 2504 777 2581 qui
798 2505 829 2561 iu
847 2509 944 2580 eripere
968 2506 1060 2565 Nonii
1080 2506 1178 2565 latere
1198 2512 1298 2582 tepere

182 2611 323 2690 pervidit.
368 2611 446 2668 Nam
473 2614 573 2684 tepere
590 2605 675 2667 'milui
695 2613 845 2679 dicuntur,
882 2631 946 2670 cum
969 2631 1062 2671 secem
1085 2617 1231 2684 emittunt,
1263 2623 1297 2672 ut

184 2728 230 2777 est
253 2718 333 2796 apud
354 2716 482 2777 Paulum
502 2716 588 2773 Festi
610 2736 639 2794 p.
666 2725 717 2777 los
737 2717 780 2774 M.
819 2715 866 2775 Of.
890 2716 958 2775 adn.
978 2717 1109 2777 Mulieri.
1151 2721 1297 2798 Denique

184 2845 271 2883 omne
299 2832 443 2904 punctum
470 2822 538 2880 tulit
565 2822 739 2900 Roepcrus‚
773 2823 825 2901 qui
856 2824 958 2882 ascitis
980 2824 1060 2881 Iunii
1083 2825 1296 2906 Scaligerique

181 2932 312 2990 inventis
334 2928 430 2988 verba
450 2929 596 2989 Varronis
618 2929 650 2986 in
672 2927 746 2987 duos
769 2929 911 2988 sotadeos
935 2925 1109 2989 distribuis

334 3045 439 3139 [ripere
462 3065 582 3124 eoliln'ns
604 3067 705 3122 milvus
728 3084 833 3138 equam
853 3066 870 3123 θ’
889 3069 1009 3124 nubibu'
1034 3060 1136 3139 11111111

330 3166 448 3230 'indicet
465 3172 540 3245 fore,
564 3173 595 3228 et
617 3173 740 3245 tepillum
755 3170 861 3243 pdstor
878 3175 934 3229 sisi
951 3175 1053 3229 stimat.

182 3309 212 3367 A
234 3329 366 3387 quanam
386 3327 463 3366 voce
485 3307 563 3366 haec
585 3310 683 3381 tepere
706 3309 826 3364 volitans
846 3327 996 3387 suspensa
1018 3308 1146 3381 tuerint,
1170 3307 1296 3368 dubium

182 3423 237 3473 cst.
283 3413 432 3491 Scaligeri
456 3417 547 3496 vises,
570 3413 712 3490 Roepero
736 3420 909 3491 acceptum,
934 3413 1021 3487 mihi,
1047 3435 1114 3473 cum
1138 3400 1294 3490 audiendi,

182 3520 371 3600 percipiendi
398 3518 579 3578 vocabulum
605 3519 846 3597 expectaverim‚
876 3518 1027 3598 displicet.
1082 3521 1195 3581 Cetera
1218 3524 1293 3583 alio·

182 3645 247 3682 rum
269 3645 349 3704 [puae
370 3627 529 3704 Roeperus
552 3625 705 3684 recensuit
728 3621 814 3701 (eddi
836 3625 935 3704 potuit
956 3626 1069 3684 Kochii
1092 3638 1295 3689 commentum

71 3760 76 3769 ·
182 3730 214 3787 in
235 3731 505 3790 exercitationibus
525 3752 556 3809 p.
582 3727 628 3807 29)
659 3731 817 3809 ipsiusque
845 3731 979 3808 Roeperi
1007 3735 1166 3806 conamina
1191 3736 1296 3814 priora

181 3837 396 3912 praetermitto.
491 3849 498 3855 '

265 3941 450 4000 Dubitanter
470 3941 517 3999 illi
540 3942 646 4016 generi
666 3941 903 4018 fragmentorum
926 3941 1005 4001 addo

267 4085 299 4138 16
343 4078 410 4133 Vrbs
443 4080 603 4151 stelliperas
635 4080 761 4135 aetheris
792 4082 945 4151 explicans
974 4097 1042 4137 aere
1070 4099 1139 4138 cccco
1170 4087 1294 4140 sonitum

334 4187 379 4242 bic
401 4188 430 4241 in
452 4189 589 4242 coturnis,

180 4302 320 4382 Ascripsi
341 4302 446 4362 sordes
468 4303 560 4362 Nonii
586 4324 617 4382 p.
639 4311 763 4376 19131,
785 4321 862 4381 quas
877 4321 965 4360 nemo
988 4304 1186 4382 superiorum,
1211 4305 1294 4384 quod
