2760 4890
557 333 815 384 commortuus.

235 497 371 555 lucitulus
391 499 483 553 lexim
505 495 641 566 censeqm'
660 495 789 566 lopdtlaeio
811 504 839 551 et
858 500 976 568 ptisana
997 498 1122 570 priscum,
1162 492 1177 517 '

130 649 159 706 in
188 669 246 728 quo
275 647 354 728 quod
383 649 518 705 lucitulus
543 645 677 703 secunda
699 653 856 703 accentum
879 645 988 718 habet,
1021 669 1067 706 ne⁴
1083 659 1154 725 eget
1178 628 1245 728 qiri-

130 755 199 831 dem
227 755 439 826 excusatione,
469 753 543 810 licet
574 752 670 810 altera
695 752 773 810 ratio
801 752 892 828 longe
918 755 1165 832 frequentissima
1195 757 1246 825 sit,

129 863 287 940 Roeperus
314 860 460 920 Meinekii
489 859 645 917 immemor
680 866 775 915 totum
802 860 1005 935 fragmentum
1032 862 1161 918 senariis
1190 860 1245 919 de-

131 967 272 1046 scripsit:

813 1072 890 1128 darec

280 1179 411 1238 Eunde'm
433 1182 603 1264 voluptatem
626 1178 730 1235 [dedus
750 1180 842 1234 taxim
861 1178 998 1250 cdnsequi

280 1286 422 1359 Lapdtdio
444 1294 472 1342 et
489 1276 609 1357 ptisana
627 1284 754 1374 possum.

131 1437 250 1515 Quodsi
278 1438 345 1516 quis
372 1437 451 1496 hanc
480 1436 749 1495 conformationem
774 1437 945 1513 praeferat,
976 1457 1037 1494 non
1060 1444 1162 1513 potest
1185 1434 1245 1493 alio

130 1545 194 1615 niti,
219 1564 309 1624 quam
328 1542 410 1623 quod
434 1543 492 1600 hoc
517 1542 689 1621 exemplum
708 1549 802 1599 totum
826 1542 967 1602 decurrat
981 1541 1131 1614 versibus,
1154 1543 1185 1600 in
1202 1541 1244 1599 al-

130 1660 195 1710 tero
223 1650 396 1730 pedestrem
426 1651 592 1710 orationem
615 1668 722 1707 versus
746 1649 888 1728 excipiat.
933 1650 970 1709 ld
994 1647 1075 1729 quod
1097 1668 1153 1724 ego
1180 1656 1244 1706 tan-

131 1766 192 1814 tum
221 1756 325 1814 valere
355 1756 468 1827 sentio,
496 1763 544 1827 ut,
578 1757 669 1814 etiem
691 1753 842 1833 prioribus
866 1755 967 1814 verbis
989 1767 1084 1815 metro
1107 1755 1244 1827 inclusis,

132 1861 351 1940 aliquant-ulum
389 1860 612 1939 probabilitatis
644 1861 793 1921 accedere
818 1861 1033 1921 Meinekianae
1061 1862 1244 1920 restitutioni

131 1967 239 2026 dicam.
284 1968 363 2026 Nam
390 1985 429 2024 ne
455 1966 513 2024 hoc
543 1967 665 2047 quidem
687 1967 749 2025 suis
770 1968 917 2045 exemplis
942 1977 1040 2040 caret,
1075 1971 1245 2028 Varronem

130 2075 237 2134 eodem
264 2073 433 2136 sententiae
460 2073 575 2133 ambitu
602 2073 737 2153 prosario
767 2073 898 2131 sermoni
919 2094 1026 2134 versus
1051 2076 1245 2134 continuasse

129 2180 180 2239 vel
210 2181 350 2240 invicem.
394 2180 502 2252 Velut,
525 2187 558 2239 ut
581 2201 597 2238 e
621 2179 770 2237 contrario
793 2198 906 2254 genere
930 2182 1099 2259 exemplum
1122 2202 1243 2260 ponam,

130 2296 284 2345 Eunsmcon
308 2290 343 2347 fr.
366 2297 401 2350 29
422 2287 503 2346 idern
526 2285 699 2346 Meinekius
721 2285 764 2343 ita
785 2285 943 2344 verissime
965 2286 1139 2346 adornavit:

280 2427 318 2482 m
339 2424 404 2482 ecce
428 2428 462 2481 de
483 2422 637 2496 improviso
659 2425 698 2478 ud
719 2439 770 2480 nos
793 2422 902 2480 ucce'dit
923 2443 998 2480 canc
1024 2423 1152 2491 Velitne,

213 2534 319 2589 Atticos
340 2530 538 2604 philosophice
560 2531 685 2586 alumno.

129 2664 210 2726 Vide
234 2685 312 2744 quae
333 2664 372 2722 de
389 2664 511 2722 insertis
537 2684 554 2720 a
575 2663 713 2722 Varrone
735 2663 766 2721 in
789 2683 873 2722 suam
897 2665 1063 2722 orationem
1085 2672 1245 2743 poetarum

130 2771 256 2829 aliorum
285 2767 422 2829 versibus
450 2770 552 2826 monui
574 2790 602 2850 p.
626 2779 660 2831 η
681 2791 727 2848 sq.
771 2768 866 2846 Atqui
889 2777 935 2826 est
954 2789 1029 2828 sane
1053 2770 1245 2830 duriusculos

129 2878 180 2935 hic
204 2877 368 2956 septenarii
390 2876 505 2935 exitus:

671 3013 748 3071 kdnc
763 2992 889 3096 'curialem
910 3013 1090 3085 volrrptritem.

129 3149 171 3207 Ut
194 3169 231 3206 ea
254 3154 306 3206 aut
327 3147 483 3226 pedestria
505 3147 687 3220 habeamus,
712 3155 764 3205 aut
785 3145 836 3205 vel
857 3146 901 3203 ita
922 3147 1123 3222 refingcrnus:

551 3284 767 3342 discordantem
789 3281 889 3359 [enim]
912 3284 1090 3356 voluptdtem.

122 3429 190 3496 'Sed
218 3436 276 3495 hoc
304 3443 371 3493 utut
393 3445 449 3508 est,
473 3437 646 3515 Roeperum
668 3444 797 3515 apparet
818 3435 940 3492 incaute
963 3435 1147 3496 locutionem
1174 3446 1245 3498 toci-

127 3546 203 3600 tulus
230 3546 321 3599 toxim
347 3542 514 3602 delevisse:
544 3544 596 3622 qui
624 3541 697 3601 alibi
720 3561 857 3621 quoque,
881 3561 948 3598 curn
971 3545 1160 3620 septenarios
1184 3567 1245 3604 non

128 3648 314 3720 attenderet,
352 3649 497 3710 Varronis
531 3650 677 3729 reliquias
713 3648 792 3706 male
831 3650 985 3707 tractavit.
1031 3649 1082 3706 sm
1111 3657 1246 3708 Vmorem

128 3761 237 3812 Dromos
261 3756 296 3813 fr.
323 3764 340 3819 9
370 3754 462 3833 (Non.
488 3779 518 3836 p.
542 3769 609 3832 550,
632 3757 676 3834 12)
704 3760 795 3815 elecem
819 3761 847 3814 in
873 3760 1098 3815 lucrcbrutioncm
1118 3767 1245 3818 servaci-

127 3881 203 3931 mus,
227 3880 312 3935 ercam
334 3866 363 3920 in
385 3846 528 3938 spor-apos
550 3873 636 3922 tottam
659 3868 773 3938 leytsam
797 3872 972 3932 evertamur,
1003 3883 1070 3922 oum
1092 3873 1177 3923 recte
1200 3866 1245 3924 vi-

128 3968 224 4027 disset
244 3987 352 4027 versus
375 3969 545 4041 continere,
568 3969 731 4029 violentius
754 3970 809 4028 hos
832 3970 967 4028 senarios
991 3969 1122 4028 effinxit:

746 4108 837 4163 oleam

277 4214 313 4270 Ia
335 4212 561 4268 lticubrutio'oem
586 4210 845 4288 [confluervddimus

279 4320 371 4387 Quum
391 4319 419 4371 in
438 4317 579 4390 spdruyoc
599 4320 762 4376 evertemus
780 4327 866 4377 totam
888 4321 1039 4393 lecythum.
