2760 4890
192 338 251 398 152
619 347 876 395 consecutum.

274 509 340 568 XII
363 507 422 587 (13)
452 511 512 566 Νιο
534 512 672 582 pistorem
700 511 789 566 ullam
818 515 935 565 nossent
961 510 1018 565 nisi
1039 524 1104 565 eum
1129 512 1232 582 quiin
1253 513 1313 582 pis-

188 620 266 674 trino
286 620 415 690 pinseret
434 617 575 690 ferinam.
1025 688 1030 698 Ι

273 725 325 783 Fr.
348 724 380 783 X
406 720 544 780 inlibris
566 721 709 798 Noniip.
731 728 799 792 214,
822 729 854 782 31
885 720 929 778 sic
956 717 1099 778 scribitur
1120 720 1244 810 domam
1267 723 1311 792 ι’μ-

188 849 250 888 sam
271 834 427 888 mareosioe
448 849 504 887 non
527 848 554 902 q.
569 832 599 885 ιἰι
615 830 682 886 orbe
696 830 714 883 i.
731 847 759 884 κ.
776 829 817 884 ef
832 826 871 884 In
894 825 1003 906 quibus
1018 827 1176 886 Mercerus
1192 833 1224 885 et
1234 828 1312 884 erbe

188 939 321 996 correxit
343 944 374 996 et
394 938 426 995 in
449 935 511 993 illis
527 939 621 1008 ipsam
636 938 794 993 mercurios
812 933 910 992 latere
926 924 1133 1010 ψαμμακόσιοι
1148 931 1310 1010 praeclare

187 1041 411 1101 animadvertit.
457 1041 557 1119 Quam
581 1060 690 1099 vocem
711 1037 886 1099 Macrobius
910 1039 1032 1099 Saturn.
1055 1039 1084 1100 V
1104 1048 1149 1111 20,
1174 1049 1209 1102 13
1235 1043 1310 1119 ‘pro

186 1152 281 1207 moltis
304 1148 473 1206 Varronem
503 1166 595 1225 saepe
625 1147 656 1205 in
683 1145 856 1223 Menippeis
887 1145 948 1203 suis
975 1145 1133 1223 posuisse'
1167 1139 1310 1205 testatur.

186 1255 321 1332 Sumpsit
344 1261 445 1312 autem
472 1252 655 1312 vocabulum
679 1251 717 1310 ab
746 1249 915 1330 Eupolide,
944 1251 1011 1330 qui,
1034 1249 1117 1330 quod
1140 1249 1310 1330 scholiasta

185 1361 217 1419 in
239 1359 454 1438 Aristophanis
478 1334 613 1418 Acheru.
636 1378 664 1415 r.
685 1368 703 1420 3
723 1355 888 1435 perhibuit,
911 1351 944 1413 ἒν
961 1356 1061 1438 χρυσῷ
1075 1353 1156 1435 γένει
1178 1355 1309 1427 dixerat,

185 1458 329 1540 ἀριθμεῖν
348 1453 458 1533 θεατάς
473 1461 710 1539 ψαμμακοσίους.
742 1461 821 1521 Vide
839 1460 986 1521 Meinekii
1007 1459 1191 1521 comicorum
1207 1481 1310 1538 graec.

186 1572 294 1648 fragm.
322 1571 355 1629 ΙΙ
379 1592 410 1649 p.
438 1579 491 1632 543
517 1579 549 1628 et
574 1566 731 1647 Aristoph.
758 1567 780 1627 l.
804 1586 830 1626 c.
875 1564 938 1625 sed
964 1565 1024 1623 hoc
1052 1585 1121 1624 cum
1150 1567 1311 1627 Mercerus

187 1677 299 1755 optime
328 1675 459 1736 Varroni
486 1674 686 1744 restituisset,
712 1670 790 1730 illud
810 1692 917 1750 parum
941 1679 1025 1730 recte
1049 1672 1196 1744 instituit,
1226 1672 1309 1751 quod

186 1786 312 1842 Romani
332 1782 453 1860 scripsit
470 1799 525 1863 pqo
547 1775 677 1838 Romam.
710 1778 839 1838 Fefellit
862 1798 931 1837 eum
951 1782 1043 1850 ipsam
1063 1775 1146 1856 quod
1168 1778 1201 1836 iu
1223 1777 1308 1837 libris

187 1887 331 1963 scribitur¹
351 1907 406 1967 pro
427 1904 513 1959 psam
535 1885 587 1944 vel
609 1897 692 1961 ψαμ,
718 1887 751 1944 in
778 1906 837 1965 quo
861 1883 991 1944 eumdem
1012 1903 1102 1962 quem
1123 1883 1308 1963 compluries

185 1995 272 2072 tetigi
293 2013 379 2052 usum
401 1989 554 2051 scribendi
570 2010 720 2068 agnosco:
743 1992 782 2049 cf.
802 2013 832 2070 p.
852 1999 896 2052 29.
911 1997 955 2050 49.
972 1998 1033 2051 115.
1050 1998 1117 2051 133:
1143 2007 1203 2048 nec
1219 1989 1309 2048 aliter

185 2097 408 2179 explicandum,
432 2096 513 2178 quod
534 2098 566 2156 in
585 2098 724 2157 ‘Vetere'
748 2096 851 2157 Plauti
865 2096 1010 2169 ipseudole
1024 2093 1137 2170 legitur
1152 2115 1209 2172 pro
1219 2079 1314 2170 pseu?

185 2209 248 2264 dole
269 2205 301 2262 iu
323 2203 494 2281 cognomini
517 2181 622 2261 fabula
643 2224 672 2260 v.
692 2212 725 2265 13
740 2210 771 2261 et
785 2212 829 2266 45.
861 2201 964 2279 Atque
983 2207 1017 2259 ut
1038 2198 1172 2259 cuiusvis
1188 2201 1306 2261 litteru-

185 2311 235 2372 lae
258 2330 315 2370 sua
336 2310 414 2368 ratio
437 2318 572 2383 constet,
603 2329 620 2368 e
645 2301 785 2384 μακόσιοι.
804 2308 855 2387 qui
877 2316 974 2366 ortum
996 2307 1036 2365 sit
1055 2311 1217 2366 marcosioe
1241 2329 1307 2368 cum

186 2418 334 2495 exemplis
354 2417 415 2476 suis
436 2416 497 2475 alia
517 2435 594 2495 quae
614 2435 684 2473 mox
706 2413 849 2473 obveniet
870 2414 1096 2495 opportunitate
1117 2433 1305 2493 expromam.

186 2521 249 2583 Sed
269 2521 351 2580 idem
372 2523 528 2581 Mercerus
551 2541 611 2580 uon
634 2529 793 2580 assecutus
813 2522 996 2580 sententiam
1015 2519 1147 2593 videtur,
1171 2540 1241 2579 cum
1263 2521 1306 2578 ita

185 2624 313 2684 scribat:
351 2624 445 2702 ‘Ergo
472 2625 531 2685 hoc
554 2628 596 2686 ait
614 2628 767 2686 Romanos
790 2645 859 2684 esse
881 2627 1014 2686 infinitos
1035 2632 1159 2706 praeter
1179 2644 1233 2684 eos
1254 2627 1306 2704 qui

78 2764 82 2772 ·
184 2728 216 2786 in
243 2728 311 2806 ipsa
338 2729 412 2789 urbe
441 2751 555 2789 moram
580 2734 755 2791 continuam
774 2730 949 2808 degebant?
992 2732 1089 2791 Immo
1112 2750 1172 2809 quo
1196 2751 1305 2790 sensus

184 2833 338 2910 scriptoris
373 2827 535 2916 appareat,
570 2839 699 2916 primum
730 2840 774 2897 ita
807 2836 944 2916 suppleri
979 2837 1166 2895 enuntiatum
1193 2836 1303 2897 debet:

184 2940 370 3012 Confluebant
387 2947 452 3001 olim
475 2946 595 3002 Romam
615 2935 837 3021 ψαμμακόσιοι,
858 2962 916 3001 non
934 2946 985 3018 qui
1003 2946 1033 3000 in
1053 2946 1124 3001 urbe
1144 2947 1304 3003 calumnio-

183 3056 300 3119 rentor,
332 3053 390 3107 sed.
441 3049 560 3130 Nempe
589 3051 686 3109 Varro
713 3072 781 3111 eum
808 3069 923 3109 morem
949 3049 1064 3125 tangit,
1099 3069 1159 3128 quo
1187 3052 1303 3123 rustici,

181 3162 383 3233 posteaquam
412 3164 480 3215 octo
510 3155 620 3215 diebus
640 3157 673 3214 in
704 3157 784 3232 agris
814 3176 890 3234 opus
919 3157 1072 3227 fecerant,
1100 3174 1180 3214 nono
1208 3158 1302 3216 inter·

182 3259 273 3317 misso
301 3281 370 3320 rure
399 3261 438 3320 ad
469 3270 636 3320 mercatum
657 3259 804 3339 legesque
827 3261 1023 3340 accipiendas
1047 3261 1175 3320 Romam
1197 3264 1303 3323 venire

182 3361 330 3424 solebant.
380 3365 457 3426 Sunt
485 3365 563 3424 haec
592 3366 658 3423 fere
688 3363 784 3423 verba
812 3365 961 3425 Macrobii
991 3362 1113 3426 saum.
1138 3368 1156 3426 I
1179 3378 1229 3443 16,
1255 3380 1300 3434 34.

181 3468 380 3549 Eandemque
403 3471 654 3529 cousuetudinem
670 3471 838 3550 Dionysius
854 3471 1138 3532 Halicarnasseusis
1155 3471 1304 3536 describit

180 3573 220 3632 A.
244 3575 282 3633 R.
305 3576 367 3635 VII
389 3585 424 3639 58
444 3574 480 3634 oi
496 3567 524 3633 δ’
548 3567 656 3656 ἀγοραὶ
673 3562 825 3654 Ῥωμαίοις
846 3572 989 3655 ἐγένοντο,
1012 3553 1056 3649 ὡς·
1072 3575 1123 3636 καὶ
1144 3575 1229 3658 μέχρι
1244 3582 1303 3641 τῶν

181 3667 255 3736 καθ’
278 3668 356 3755 ἡμᾶς
377 3671 506 3756 χρόνων,
534 3671 574 3739 δι’
597 3671 707 3761 ἡμέρας
732 3675 870 3760 ἐννάτης·
899 3679 932 3742 ἕν
954 3675 1126 3756 decoritate
1148 3679 1302 3761 συνιόντες

180 3778 213 3841 ἐκ
229 3783 292 3842 τῶν
313 3775 414 3863 ἀγρῶν
429 3785 462 3844 οἱ
474 3784 627 3864 δημοτικοὶ
643 3786 685 3859 εἰς
700 3776 754 3864 τὴν
771 3780 858 3847 πόλιν
872 3782 924 3862 τοὶς
942 3783 969 3848 τ’
992 3781 1131 3867 ἀμείψεις
1145 3789 1301 3856 ἐποιοῦντο

180 3888 241 3948 τῶν
264 3877 361 3953 ὠνίων
383 3887 433 3949 καλ
458 3881 509 3963 τάς
531 3890 615 3964 δίκας
635 3881 706 3969 παρ’
729 3883 866 3969 ἀλλήλων
890 3889 1058 3976 ἐλάμβανον
1086 3889 1122 3958 τά
1147 3921 1178 3959 τε
1200 3896 1300 3976 κοινά,

179 3986 258 4054 domo
279 3975 356 4070 ἦσαν
379 3987 478 4074 κύριοι
494 3987 567 4056 κατά
583 3988 651 4069 τοὺς
668 3991 793 4074 νόμους,
813 3997 864 4058 καὶ
881 3991 936 4059 ὅσα
958 3993 977 4079 ἡ
998 3995 1094 4082 βουλὴ
1113 4002 1300 4086 ἐπιτρέψειεν

179 4090 297 4177 αὐτοῖς,
330 4102 437 4176 ψῆφον
463 4091 723 4181 ἀναλαμβάνοντες
751 4100 932 4188 ἐπεκύρουν·
965 4097 1016 4179 τάς
1041 4107 1073 4170 δὲ
1102 4103 1210 4189 μεταξό
1238 4114 1298 4174 ταῖν

177 4197 295 4285 ἀγορῶν
313 4210 372 4266 κτλ.
410 4209 490 4268 Vide
513 4210 551 4270 de
571 4220 700 4292 utroque
723 4213 792 4272 loco
814 4214 851 4274 L.
870 4216 977 4276 Ianum
997 4218 1037 4276 ad
1058 4202 1206 4278 Mdcrobii
1226 4221 1248 4279 l.
1271 4242 1297 4279 c.

68 4312 73 4320 ’
177 4315 260 4391 Ergo
289 4313 454 4374 veniebant
482 4317 587 4375 rustici
621 4318 763 4377 nundinis
794 4341 860 4379 cum
887 4319 1059 4382 ‘mercandi
1081 4323 1297 4406 vendendique
