2760 4890
490 341 749 391 compereunt.
771 350 776 361 ·
1122 331 1180 394 127

61 501 195 559 bassum
225 499 287 560 illis
317 500 416 578 tangi,
454 521 510 581 per
543 503 737 561 accumulata
764 481 938 561 testimonia
966 502 1042 561 nihil
1070 503 1179 583 proba·

61 609 194 668 bilitatis
219 607 379 668 accedere.
423 608 555 667 Bassum
583 610 663 668 enim
688 609 779 668 istum
801 608 940 682 Gellius,
964 617 996 667 ut
1017 609 1180 671 subsistam

61 712 92 770 in
111 733 176 772 uno
201 723 335 788 auctore,
358 716 452 777 XVt
470 724 574 775 narrat
592 736 610 774 a
627 715 748 775 sordido
765 726 893 794 quaestu
910 717 1181 796 comparandorum

61 819 214 903 mulorum
232 829 264 880 et
281 821 499 893 vehiculorum,
520 841 599 902 quae
622 822 858 898 magistratibus,
881 825 932 904 qui
948 823 1044 882 sortiti
1057 825 1179 902 provin·

63 924 127 983 cias
154 927 272 1001 forent,
301 919 479 1006 praebenda
499 925 620 1006 publice
644 928 855 1003 conduxisset,
878 931 1023 1010 deinceps
1048 952 1180 991 summos

60 1032 261 1109 magistratus
283 1034 464 1106 obtinuisse,
489 1033 674 1094 tribunatum
694 1035 787 1114 plebi,
813 1021 997 1115 praeturam,
1020 1038 1179 1116 pontifica-

60 1150 140 1214 tum,
169 1142 372 1201 consulatum.
415 1140 496 1198 Nam
521 1161 579 1200 nec
603 1142 729 1221 parochi
750 1143 811 1202 vim
832 1145 914 1222 cepit
936 1145 1094 1223 Resperus
1122 1165 1180 1204 nec

62 1247 203 1307 ordinem
233 1248 420 1326 singulorum
448 1255 500 1306 aut
528 1247 729 1308 membrorum
756 1250 990 1308 concinnitatem
1012 1251 1179 1329 reputavit:

63 1355 198 1437 denique
219 1375 278 1415 nec
296 1354 352 1413 illa
370 1356 417 1411 lu‘c
438 1357 512 1411 enim
532 1358 626 1412 omitia
646 1367 711 1414 crat
730 1357 891 1416 intellexit.
937 1357 1037 1435 Quam
1058 1357 1180 1437 quidem
1212 1338 1234 1415 .’

61 1463 251 1522 locutionem
273 1461 451 1542 Sebopenus
472 1460 504 1519 in
524 1462 716 1540 praefatione
738 1464 778 1523 ad
799 1465 893 1523 Nekii
913 1454 1069 1525 Valerium
1089 1463 1180 1522 Cato·

60 1591 133 1631 nem
152 1592 184 1651 p.
202 1591 236 1630 rx
257 1569 424 1630 rectissime
447 1579 477 1628 et
499 1568 637 1648 apposite
658 1571 697 1629 ad
719 1578 852 1629 nostrum
869 1570 968 1628 locum
985 1580 1087 1630 monet
1107 1573 1181 1629 ‘non

61 1678 159 1755 fuisse
188 1680 221 1737 in
243 1696 302 1736 usu
328 1675 387 1735 nisi
420 1674 654 1754 proverbialiter
677 1677 715 1735 de
739 1697 786 1750 eo,
808 1677 860 1758 qui
882 1697 962 1758 quae
985 1687 1055 1736 sunt
1076 1687 1181 1757 partes
1255 1668 1259 1676 ⁵

63 1786 194 1845 aliorum
213 1783 354 1856 omnium,
375 1783 457 1842 solus
473 1780 611 1854 sustinet,
634 1783 684 1841 vel
706 1784 758 1863 qui
779 1784 879 1842 omnia
901 1788 1024 1863 potest?
1068 1787 1179 1844 Exem-

62 1891 115 1972 pla
138 1890 206 1951 eius
228 1910 317 1964 usus,
339 1910 400 1949 non
421 1888 564 1965 neglecto
590 1889 735 1947 Varronis
761 1891 947 1967 fragmento,
971 1893 1090 1952 Nakius
1110 1914 1180 1951 con·

62 1997 163 2075 gessit
184 1996 217 2055 in
235 1996 449 2079 commentario
470 1994 510 2053 ad
524 1995 680 2055 Valerium
696 1995 844 2056 Catonem
865 2018 894 2076 p.
915 2009 972 2069 183,
998 2017 1180 2078 quamquam

60 2103 178 2183 ipsum,
206 2102 291 2164 cuius
315 2124 407 2163 causa
430 2122 467 2162 ea
492 2101 609 2174 attulit,
634 2102 759 2162 Catonis
780 2105 952 2184 exemplum
974 2103 1088 2162 nullum
1112 2125 1180 2163 esse

61 2212 224 2272 luculenta
244 2208 397 2289 Schopeni
418 2208 589 2270 emendatio
610 2211 767 2287 patefecit,
791 2212 839 2269 cni
854 2231 934 2292 quse
951 2211 1063 2271 obiecit
1078 2213 1114 2270 F.
1130 2211 1179 2271 Ia·

34 2298 42 2314 ³
64 2319 161 2379 cobus
182 2317 337 2394 Philologi
358 2317 409 2376 IlI
429 2337 459 2395 p.
481 2327 532 2380 548
554 2337 599 2397 sq.
622 2317 754 2377 mirabor
783 2320 808 2376 si
838 2319 886 2377 cui
903 2319 1025 2398 probari
1047 2317 1178 2378 audiam.

27 2493 30 2497 ,
62 2428 176 2489 Restat
197 2434 231 2509 pt
252 2424 291 2485 de
313 2423 439 2484 metrica
459 2425 554 2483 n'ostri
575 2426 737 2503 fragmenti
755 2426 943 2484 restitutione
969 2426 1077 2484 dicam.
1105 2426 1181 2485 Illos

63 2534 147 2594 cuim
171 2552 280 2593 versus
306 2551 375 2591 esse
401 2531 515 2611 primus
536 2531 691 2590 Laevinus
714 2531 892 2591 Torrentius
916 2531 956 2590 ad
977 2532 1138 2591 Horatium
1158 2532 1179 2591 l.

63 2661 90 2702 c.
112 2638 283 2720 persensit,
312 2639 363 2719 qui
384 2645 486 2698 tamen
508 2660 584 2719 quos
607 2640 744 2699 senarios
766 2638 927 2717 descripsit
948 2658 1054 2717 parum
1071 2638 1180 2718 proba-

60 2746 144 2806 biles
168 2764 237 2806 esse
255 2753 340 2805 recte
358 2745 504 2806 iudicavit
521 2748 687 2826 Roeperus.
721 2746 783 2806 Sed
805 2766 844 2805 ne
867 2745 955 2804 huius
972 2745 1096 2825 quidem
1112 2752 1194 2803 ver·‘

61 2852 147 2912 sibus
168 2861 240 2931 post
260 2873 297 2912 ea
317 2872 395 2936 quae
419 2874 510 2932 supra
532 2851 685 2933 disputavi
711 2850 860 2910 subscribi
881 2852 1008 2932 poterit:
1243 2834 1245 2839 ¹

471 2992 517 3050 bic
539 2994 612 3048 enim
635 2998 700 3047 erat
720 2991 815 3047 arsenio

219 3096 300 3155 Icle'm
322 3101 474 3168 sacerdos,
493 3099 626 3171 praetor,
645 3098 792 3170 parochos
814 3096 936 3170 denique

218 3202 298 3261 luem
318 3212 451 3274 senatus,
474 3204 547 3262 idem
572 3200 662 3280 [erat]
684 3200 788 3277 populi
805 3203 905 3274 kaput.

60 3341 162 3399 Immo
184 3359 246 3398 non
267 3338 384 3416 indigni
407 3339 534 3399 forsitan
555 3339 693 3401 Varrone
715 3337 746 3396 hi
769 3337 935 3416 septenarii
956 3336 1104 3396 trochaici
1126 3336 1180 3395 lra-

60 3446 196 3505 beantur
204 3434 218 3506 τ’
1030 3510 1037 3517 ,
1219 3428 1221 3435 ’

960 3550 1008 3608 lu'c
1027 3554 1100 3607 enim

217 3652 330 3719 ‘Omnia
351 3668 431 3717 crat:
451 3658 525 3717 idem
546 3660 697 3728 sacerdos,
713 3656 858 3731 praeitor,
875 3658 1036 3728 parochos:
1059 3655 1181 3728 olc'aique

216 3756 300 3853 'Idem
323 3764 416 3842 [erat]
433 3767 559 3835 scaettas,
579 3768 653 3823 idem
672 3761 900 3840 populus:[pes
923 3767 996 3821 idem
1019 3761 1060 3840 e't]
1083 3771 1179 3835 raptet.

522 4051 725 4060 ———.
