2760 4890
421 992 958 1079 OONIEOTANEA

202 1196 269 1291 uu
303 1196 370 1307 M.
398 1195 737 1295 vasconis
777 1190 1188 1292 surculeum

537 1414 830 1547 andronius.
1175 1366 1186 1397 ⁶

216 1726 258 1784 M.
280 1727 426 1786 Varronis
448 1736 618 1787 saturarum
640 1727 776 1805 reliquiis
800 1743 868 1782 cum
887 1723 973 1782 multi
997 1743 1078 1796 eam,
1111 1743 1171 1802 qua
1191 1725 1244 1781 im-

132 1832 236 1908 primis
261 1832 372 1910 dignae
395 1841 495 1906 erant,
525 1831 688 1908 colligendi
711 1839 742 1890 et
764 1829 947 1889 emendandi
971 1848 1073 1888 curam
1099 1829 1244 1888 adhibue-

133 1936 208 2008 rint,
237 1936 274 1994 ab
298 1957 335 1996 ea
355 1947 457 1996 tamen
480 1957 589 2016 opera,
621 1957 700 2016 quae
722 1937 753 1996 in
773 1935 1020 1995 reconcinnanda
1042 1955 1058 1993 e
1081 1935 1244 2014 disparatis

132 2040 274 2100 membris
297 2043 468 2120 integrioris
492 2042 626 2120 corporis
647 2043 750 2120 spec'ie
771 2050 925 2115 versatur,
951 2041 1162 2101 abstinuerunt
1178 2043 1245 2101 fere

131 2154 193 2204 tam
212 2147 249 2220 ii,
275 2151 326 2228 qui
343 2147 469 2208 edendis
485 2148 663 2224 fragmentis
683 2146 895 2224 praefuerunt,
920 2169 1010 2228 quam
1030 2147 1082 2225 qui
1100 2148 1132 2205 in
1147 2156 1244 2206 trans·

133 2270 222 2310 cursu
246 2272 283 2311 ea
308 2254 391 2314 aliud
415 2261 541 2337 agentes
568 2253 741 2329 attigerunt.
792 2253 835 2312 At
852 2273 925 2313 vero
945 2254 1022 2311 licet
1037 2253 1069 2310 in
1088 2253 1244 2332 plerisque

133 2378 237 2417 earum
264 2360 322 2418 hoc
344 2379 441 2436 genus
470 2360 593 2418 criticae
617 2379 722 2432 omne,
755 2379 795 2418 ne
820 2361 853 2418 in
880 2357 1049 2417 somniandi
1077 2359 1244 2418 vanitatem

133 2463 238 2536 abeat,
263 2466 330 2543 ipsa
351 2468 483 2525 tenuitas
505 2465 702 2544 reliquiarum
725 2464 919 2538 dissuadeat,
949 2466 980 2524 in
1003 2463 1156 2524 nonnullis
1179 2465 1243 2542 qui·

134 2569 202 2628 dem
218 2571 337 2630 felicior
357 2593 422 2631 sors
442 2571 564 2648 obtigit,
584 2580 617 2629 ut
635 2572 872 2647 fragmentorum
892 2590 1034 2630 numerus
1057 2580 1088 2629 et
1106 2570 1244 2630 condicio

133 2674 223 2735 fidem
241 2677 350 2750 faciat,
379 2699 469 2757 posse
491 2678 562 2737 inde
585 2676 742 2736 divinandi
764 2685 828 2736 arte
856 2697 923 2735 eam
953 2696 1031 2756 quae
1055 2677 1126 2734 olim
1153 2678 1245 2735 fuerit

132 2767 373 2842 distributionem
389 2784 558 2861 argumenti
575 2784 758 2863 resuscitari.
805 2782 998 2862 Quamquam
1013 2803 1052 2842 ne
1068 2783 1100 2840 in
1114 2782 1243 2867 hisqui-

133 2887 217 2960 dem,
242 2909 309 2948 cum
325 2891 400 2948 nihil
420 2889 548 2949 subsidii
572 2888 609 2948 ab
633 2891 746 2949 exteris
768 2888 897 2947 testibus
918 2887 1061 2959 accedat,
1083 2887 1157 2946 licet
1178 2888 1244 2945 fere

132 2992 212 3051 ultra
239 2993 484 3073 probabilitatem
512 2995 551 3053 ad
579 2996 724 3054 maiorem
752 2993 824 3053 fidei
847 2993 973 3071 gradum
999 2993 1182 3053 ascendere:
1211 3002 1245 3052 ut

131 3100 298 3159 verendum
327 3103 382 3173 sit,
412 3121 467 3174 ne,
498 3102 549 3180 qui
566 3100 641 3159 nihil
662 3101 720 3158 nisi
742 3100 824 3179 quod
842 3102 905 3161 suis
927 3102 1108 3160 testimoniis
1125 3108 1244 3160 constet

131 3212 229 3264 ratum
246 3206 359 3266 habere
376 3208 503 3279 soleant,
521 3206 601 3264 hanc
618 3227 736 3266 omnem
754 3206 976 3266 commentandi
992 3208 1149 3266 materiam
1164 3208 1243 3265 inter

131 3309 263 3370 ludibria
285 3314 392 3372 referri
419 3312 577 3372 suadeant.
623 3312 652 3370 A
675 3311 784 3391 quibus
808 3332 944 3372 seorsum
965 3314 1008 3371 ita
1030 3315 1143 3385 sentio,
1173 3312 1241 3370 reli-

132 3419 234 3496 quiaS,
261 3418 404 3477 modone
421 3420 581 3497 imperiose
601 3419 707 3477 iubeas
735 3419 767 3478 id
788 3418 869 3498 quod
892 3419 957 3496 ipse
979 3418 1112 3476 volueris
1139 3416 1242 3489 edere,

131 3520 187 3580 sed
201 3521 314 3581 indicia
330 3544 449 3596 earum,
467 3523 558 3582 etiam
576 3525 728 3598 tenuiora,
748 3527 867 3584 curiose
884 3525 1034 3600 excipias,
1052 3542 1145 3601 saepe
1160 3523 1259 3602 ipsas·

131 3647 169 3686 ea
203 3626 312 3706 quibus
342 3631 413 3689 olim
442 3630 522 3688 telae
552 3631 689 3688 intextae
717 3629 831 3688 fuerint
866 3629 918 3687 fila
946 3627 1118 3688 ostendere.
1173 3630 1243 3708 Qua

132 3734 254 3812 quidem
278 3737 394 3796 sollerti
416 3736 611 3814 reliquiarum
633 3735 892 3813 pervestigatione
915 3734 988 3814 quid
1016 3737 1187 3795 etiamnunc
1211 3739 1242 3795 in

130 3840 268 3919 reliquiis
287 3842 483 3902 Varronianis
505 3841 586 3899 effici
609 3849 715 3920 queat,
739 3830 835 3918 nuper
852 3841 1023 3919 exemplum
1041 3843 1099 3901 Th.
1116 3845 1241 3902 Momm·

131 3948 197 4005 seni
219 3948 373 4027 probavit,
398 3949 466 4027 qui,
497 3967 564 4007 cum
586 3946 647 4005 alia
668 3946 827 4024 praeclara
850 3947 887 4005 dc
909 3948 1045 4008 Varrone
1066 3948 1241 4022 dissereret,

76 4134 78 4141 y
131 4051 248 4130 aliquot
267 4063 436 4112 saturarum
457 4062 635 4130 argumenta
656 4055 699 4111 ita
719 4056 922 4132 recuperavit,
945 4064 979 4114 ut
999 4075 1054 4133 per
1076 4074 1132 4112 sua
1154 4055 1241 4132 quasi

130 4157 268 4217 tabulata
290 4159 394 4240 lepida
419 4162 573 4238 poematia
595 4159 819 4219 exaedificaret.
867 4159 923 4219 Oui
950 4180 1017 4218 cum
1044 4167 1168 4237 propter
1195 4158 1241 4217 sui

130 4262 200 4321 libri
233 4265 379 4343 imprimis
400 4265 550 4323 nobilitati
585 4267 717 4324 rationes
744 4265 879 4326 breviter
911 4277 941 4324 et
967 4275 1070 4324 nostro
1103 4283 1241 4321 sermone

182 4365 313 4428 reuss,
334 4366 559 4415 Cou1.1uVsau.
576 4382 634 4415 aar.
1024 4366 1036 4422 1
