2760 4890
196 334 257 395 224
426 356 428 375 ·
625 345 884 395 conmortuus.

280 508 314 565 P.
337 514 387 568 188
408 524 437 562 v.
461 513 478 567 6
501 503 650 563 debebam
670 503 708 562 de
730 508 812 563 eiecit
831 504 929 562 forma
950 502 1180 562 Lachmannum
1203 503 1314 562 afferre

194 612 226 670 in
245 611 382 669 Lucretii
404 609 512 669 librum
535 610 568 669 Π
589 620 651 674 951.

279 719 306 777 Ε
330 723 506 781 Srsouruuxrs
529 718 565 776 fr.
582 727 608 790 9,
632 717 670 776 de
692 737 751 796 quo
771 738 800 797 p.
821 725 872 778 124
889 717 1052 797 disputavi,
1076 716 1160 775 nulla
1177 714 1316 774 adhibita

195 827 359 883 mutatione
379 821 503 902 probus,
522 831 555 880 ut
576 830 660 901 puto,
684 822 835 882 Sotadeus
858 824 975 902 prodit:

347 959 404 1030 Qui
423 977 453 1017 se
474 963 505 1016 in
525 976 649 1033 peneum
672 959 707 1016 a‘c
730 977 846 1017 censum
868 963 987 1018 coniecit
1007 950 1126 1031 amicae.

279 1098 349 1155 Non
377 1094 473 1153 semel
500 1094 664 1153 molossica
690 1095 842 1154 vocabula
867 1095 946 1154 binis
969 1094 1146 1155 accentibus
1168 1095 1314 1172 insignita

194 1204 246 1262 vel
271 1202 404 1282 compari
428 1219 569 1258 mensura
597 1199 710 1260 formas
737 1204 768 1261 in
791 1203 907 1261 medios
936 1223 1043 1262 versus
1072 1211 1134 1260 tam
1162 1200 1314 1260 'iambicos

196 1328 287 1388 quarn
313 1306 484 1365 trochaicus
514 1304 638 1380 admisi,
669 1329 729 1366 non
758 1308 839 1388 quod
863 1329 900 1369 ea
923 1330 984 1367 non
1005 1329 1111 1388 purum
1134 1316 1222 1384 grata
1243 1326 1313 1364 esso

195 1416 374 1487 sensissem,
402 1412 457 1471 sed
485 1414 557 1492 quia
582 1433 642 1471 non
668 1398 759 1472 aliam
787 1414 963 1473 dimetiendi
986 1433 1093 1472 versus
1115 1414 1197 1471 viam
1219 1409 1312 1488 dispi-

196 1520 313 1580 ciebam
340 1528 370 1578 et
393 1538 484 1598 posse
515 1518 569 1577 illa
602 1518 703 1597 aliquo
729 1519 818 1582 modo
845 1518 969 1599 defendi
1002 1517 1157 1599 opinabar.
1183 1516 1252 1593 ‚Ac
1274 1534 1312 1572 ne

195 1645 274 1683 nunc
297 1624 419 1704 quidem
441 1624 545 1682 reiicio
568 1625 618 1683 vel
641 1623 805 1682 'iambicum
829 1626 980 1685 senarium
1001 1646 1032 1704 p.
1056 1635 1106 1688 69:

347 1761 431 1819 Leuis
453 1778 531 1818 mens
553 1753 707 1834 numqaum
729 1763 949 1821 sdmuurno's
970 1762 1110 1836 imdpines

168 1917 171 1921 ·
196 1896 248 1976 (de
271 1897 457 1957 senariorum
478 1897 647 1976 particulis,
670 1916 746 1977 quas
766 1917 795 1976 p·
812 1906 846 1959 45
869 1897 1014 1977 disposui,
1038 1894 1076 1955 ob
1097 1893 1236 1953 mutilam
1250 1912 1312 1951 me-

194 2005 320 2064 moriam
352 2005 463 2064 certius
489 2003 617 2063 iudicari
645 2004 780 2084 nequit),
809 1996 861 2063 vel
890 2003 1095 2084 septenarium
1125 1976 1312 2059 trochaicum

194 2134 223 2192 p-
247 2122 297 2176 83:
1039 2092 1045 2108 ,

345 2251 405 2307 Pro
425 2267 479 2307 suo
494 2256 582 2323 parte
603 2253 627 2306 is
644 2248 697 2325 qui
717 2267 747 2306 sc
767 2251 911 2306 candebat
934 2253 994 2306 adt
1016 2249 1105 2304 tulis
1129 2249 1179 2319 qui
1197 2245 1311 2312 liberos,

194 2387 226 2444 in
253 2404 313 2463 quo
344 2383 425 2463 quod
451 2404 520 2442 moa
542 2385 716 2442 coniectura
737 2385 844 2463 scripsi
870 2393 921 2442 out
943 2387 1009 2440 talis
1036 2381 1066 2439 id
1088 2390 1201 2439 utnon
1223 2380 1311 2436 unice

194 2511 300 2551 verum
323 2492 388 2570 ipse
412 2492 566 2563 existimo,
595 2492 637 2549 ita
663 2511 724 2548 non
752 2498 825 2567 puto
848 2509 929 2548 mero
953 2489 1040 2547 metri
1065 2489 1185 2546 nomine
1209 2505 1310 2562 repro·

194 2597 275 2657 bari:
305 2597 557 2677 quemadmodum
587 2598 675 2656 simili
711 2597 829 2656 ratione
857 2617 885 2672 p.
914 2605 949 2659 70
970 2595 1051 2653 huuc
1075 2595 1189 2652 exitum
1212 2600 1310 2671 septe·

194 2705 276 2762 narii
296 2705 396 2761 suasi:

600 2814 652 2868 sed
672 2811 736 2867 ne'c
758 2813 904 2867 vetulus
926 2809 1097 2889 conterius
1144 2837 1149 2843 ’

195 2945 258 3006 Sed
281 2944 410 3004 eandem
432 2943 675 3002 licentiam'cum
699 2945 790 3004 etiam
812 2945 851 3004 ad
873 2943 1063 3023 septenarios
1083 2941 1233 3001 'iambicos
1260 2939 1310 2999 ad-

194 3052 339 3125 hiberem,
364 3051 464 3130 opinio
484 3072 531 3110 me
547 3052 673 3112 fefellit:
698 3073 765 3124 nec,
789 3052 862 3132 quid
881 3053 911 3110 in
929 3071 964 3109 eo
983 3048 1163 3108 discriminis
1179 3049 1310 3126 positum

195 3169 291 3232 esset,
316 3179 437 3219 sensum
460 3160 583 3240 quidem
605 3181 704 3220 meum
727 3161 818 3237 fugit:
850 3179 910 3238 quo
933 3176 1024 3216 sensu
1047 3154 1155 3213 ductus
1179 3174 1236 3211 nec
1256 3151 1310 3210 tuii

194 3289 224 3346 p.
245 3276 279 3330 72
301 3268 381 3325 huno
405 3269 572 3347 septenarii
594 3268 699 3326 finem:

600 3404 694 3460 brine
718 3403 865 3460 runde'm
888 3401 1059 3474 voluptdtem

195 3533 226 3582 et
244 3544 274 3602 p.
296 3531 328 3586 47
351 3522 422 3580 huic
445 3524 563 3582 versui:

347 3661 402 3728 Qui
420 3662 576 3718 sdscitabat
598 3650 765 3715 'Atticmum
787 3659 968 3714 musarum
991 3654 1150 3727 scriptores

196 3797 337 3874 ascripsi:
369 3794 442 3854 ‘sed
473 3793 656 3853 incommodi
684 3802 753 3853 sunt
781 3811 928 3851 musarum
950 3789 1129 3849 molossicae
1153 3786 1238 3844 vocis
1261 3805 1309 3843 ac·

196 3903 324 3960 centus’
370 3902 421 3961 sic
452 3903 530 3961 enim
555 3901 665 3976 corrigi
693 3899 821 3971 debent,
851 3918 929 3978 quae
953 3897 1003 3955 ibi*
1017 3915 1179 3975 perperam
1198 3894 1310 3971 scripta
1344 3892 1349 3905 ⁸

194 4007 343 4083 leguntur.
389 4007 451 4066 Sed
480 4028 548 4066 cum
575 4026 632 4065 nec
657 4006 743 4065 illum
762 4026 819 4064 nec
842 4005 922 4061 hunc
943 4023 1082 4075 versum,
1111 4020 1203 4081 quem
1223 4019 1253 4077 p.
1278 4007 1311 4061 69

195 4114 296 4192 posui:

268 4249 271 4255 ·
346 4221 440 4278 Noods
462 4223 584 4276 maritus
606 4219 742 4276 idcitulus
766 4220 857 4274 tumim
882 4214 1013 4272 decoris
1034 4214 1159 4272 soloc'but

195 4340 316 4399 viderer
350 4338 465 4417 absque
495 4357 532 4396 ea
569 4356 711 4395 mensura
744 4336 928 4394 constituere
956 4353 1063 4412 posse,
1099 4331 1310 4411 circumspexi,
