2760 4890
186 296 246 362 146
612 307 870 362 consonasse.

184 471 249 530 deri
283 471 314 528 in
348 468 410 528 illis
437 467 549 527 fabulis
579 467 705 528 solebat.
756 471 816 529 Pro
839 472 1070 539 dirississimum,
1097 467 1180 549 quod
1201 478 1250 529 est
1271 470 1301 528 in

182 554 267 635 libiis
290 561 462 655 p.100,29,
487 594 554 633 cum
577 574 732 635 Wolfenb.
755 576 787 633 in
809 575 956 650 margine,
979 572 1096 647 Bamb,
1120 574 1191 634 edd.
1216 579 1300 633 diris-

154 685 281 739 -simum
304 679 481 754 seriberent,
505 677 655 740 Oehlerus
675 682 833 741 verissime
849 685 1053 739 densissimum
1072 683 1220 740 coniecit:
1244 699 1301 738 nee

181 796 284 845 tamen
298 787 388 859 idem,
405 785 486 865 quod
501 807 532 864 p.
547 794 582 848 86
597 789 708 861 monui,
725 777 989 850 manifestissimos
1006 806 1148 846 numeros
1164 788 1300 865 agnovit.

264 892 414 964 Alterum,
439 891 519 970 quod
544 890 622 966 dixi,
646 913 742 969 genus
764 891 990 971 depravationis
1013 893 1160 973 proximis
1182 891 1300 950 duobus

182 999 360 1076 fragmentis
383 997 547 1057 indicatur:

264 1136 376 1196 XXIV
400 1132 460 1213 (18)
489 1136 589 1193 Sosius
617 1151 647 1191 es
675 1137 817 1206 hostibus,
847 1140 933 1195 sociis
954 1140 1055 1195 bellum
1081 1141 1122 1195 ito
1145 1141 1240 1212 peris,
1269 1144 1300 1194 ut

178 1246 250 1301 bella
274 1246 368 1300 omnio
391 1245 503 1300 domum
525 1244 667 1316 suaseras.-

263 1378 359 1437 XXV
382 1375 442 1455 (19)
465 1379 501 1435 In
520 1382 655 1436 iuvidiam
677 1383 793 1437 ueniant
814 1383 843 1436 in
864 1381 918 1437 hoo
940 1384 1002 1452 ipso
1024 1383 1220 1453 rapinatores.

179 1514 266 1572 Illius
290 1515 327 1572 fr.·
351 1521 382 1571 et
402 1512 498 1571 verba
520 1511 613 1591 (Non.
635 1534 664 1591 p.
688 1522 754 1585 248,
776 1513 822 1592 17)
847 1515 981 1573 restituit
1009 1513 1080 1593 (fuit
1103 1516 1183 1573 enim
1204 1519 1300 1572 socius

179 1624 280 1690 bellum
293 1644 302 1677 .·
315 1629 407 1678 tecum
428 1640 483 1698 pro
505 1624 617 1678 domum
638 1619 814 1699 imprudens
835 1629 909 1701 puto
928 1620 1101 1699 Mercerus)
1125 1629 1157 1679 et
1176 1629 1298 1679 senten-

77 1742 80 1754 ·
179 1729 251 1786 tiam
274 1726 437 1785 illustravit
457 1728 630 1786 Mereerus:
658 1726 789 1786 ‘Verres
812 1735 843 1786 et
864 1727 940 1787 alios
957 1726 990 1786 id
1008 1747 1105 1805 genus
1124 1727 1298 1806 provincia-

178 1852 244 1891 rum
267 1833 424 1912 praesides
447 1835 599 1913 increpat,
628 1831 737 1912 quibus
762 1833 851 1892 nefas
874 1835 931 1893 fuit
953 1835 1125 1914 relinquere
1147 1833 1232 1914 apud
1250 1853 1298 1892 so-

180 1941 252 2014 cios,
273 1937 374 2020 siquid
394 1939 494 1998 visum
516 1939 710 2016 elegantius?
754 1941 965 2020 Amphibolia,
996 1959 1075 2022 quae
1102 1929 1207 2001 estin
1235 1943 1302 1998 belli
1348 1958 1355 1971 ‘

177 2067 265 2120 voce,
287 2046 438 2105 neminem
458 2046 546 2122 fugit.
579 2047 730 2107 Versuum
753 2048 927 2123 simulacra,
949 2069 1029 2128 quae
1049 2046 1201 2108 Oehlerus
1221 2045 1298 2105 Ger-

177 2151 311 2211 lachium
332 2171 393 2210 non
413 2150 526 2210 bonum
550 2160 704 2211 auctorem
726 2155 800 2213 artis
822 2156 968 2215 metricae
992 2161 1114 2214 secutus
1134 2151 1298 2229 significat,

177 2257 261 2316 nulla
289 2278 357 2318 esse
385 2257 557 2317 Meinekius
583 2258 747 2319 admonuit.
790 2261 830 2320 Ili
857 2262 894 2322 fr.
924 2261 1065 2322 adhaesit
1091 2260 1238 2331 alterum,
1265 2258 1298 2315 in

178 2384 237 2444 quo
260 2364 368 2424 iniuria
390 2362 541 2424 Oehlerus
562 2370 697 2425 iuvidiam
716 2371 863 2427 inveniunt
883 2368 1025 2428 malebat.
1058 2367 1118 2427 Illa
1131 2366 1297 2438 locutione,

177 2490 257 2550 quae
285 2472 388 2530 neseio
419 2491 472 2530 eur
499 2472 658 2553 offensioni
680 2475 736 2547 sit,
763 2493 835 2532 usus
855 2483 902 2534 est
922 2476 975 2534 vel
994 2474 1158 2534 Suetonius
1180 2473 1212 2530 in
1234 2471 1299 2530 vita

177 2576 294 2635 Tiberii
317 2596 343 2634 e.
371 2584 403 2638 8:
437 2580 544 2659 domini
567 2582 597 2637 in
623 2583 758 2639 inuidiam
785 2591 932 2640 venerant.
963 2583 1013 2638 ,In
1042 2582 1095 2638 hoc
1120 2583 1185 2652 ipso
1209 2578 1241 2636 h.
1269 2598 1297 2636 e.

176 2683 290 2740 nonin
312 2681 469 2761 rapiend0,
493 2659 550 2742 sed
565 2685 597 2742 in
620 2705 666 2759 ee,
689 2686 783 2767 quod,
807 2686 1061 2766 quemadmodum
1077 2684 1192 2744 Verres
1217 2682 1297 2742 sole-

177 2788 237 2859 bat,
262 2787 300 2847 de
322 2795 411 2868 rapta
431 2789 549 2868 praeda
570 2793 683 2852 amieos
701 2802 731 2853 et
746 2801 902 2873 patronos,
923 2811 983 2872 quo
1000 2811 1053 2850 eos
1072 2788 1130 2848 sibi
1148 2788 1298 2848 obnoxios

177 2893 317 2967 reddant,
337 2893 496 2969 liberalius
516 2895 700 2974 impertiant,

264 3001 406 3080 Denique
428 3001 508 3062 alius
531 3003 654 3083 quidam
675 3004 787 3064 abusus
805 3013 927 3064 notatur
948 3004 1007 3063 hoc
1028 3003 1214 3080 fragmento:

260 3136 373 3197 XXVI
392 3135 458 3216 (17)
482 3142 546 3197 Nou
567 3148 593 3197 te
612 3145 710 3212 pudet,
734 3143 831 3213 Mani,
853 3161 918 3200 cum
940 3145 1018 3199 domi
1038 3149 1104 3198 tuae
1129 3141 1207 3195 vides
1229 3155 1296 3195 con-

173 3245 328 3301 militonum
350 3252 464 3301 tuorum
483 3247 609 3303 cohortis
629 3250 720 3303 servis
741 3252 798 3303 tuis
820 3252 987 3306 ministrare
1008 3255 1179 3303 coemento?
1243 3281 1250 3286 -

240 3364 295 3437 ‘In
317 3400 376 3459 quo
398 3399 455 3438 neo
477 3380 606 3438 nominis
625 3380 774 3439 rationem
795 3402 852 3440 nee
875 3402 995 3442 omnem
1017 3381 1200 3440 sententiam
1222 3379 1295 3437 mihi

172 3483 293 3560 planam
313 3504 381 3543 esse
404 3485 511 3544 fateor.
