2760 4890
528 356 787 407 eourncrrusr.
1158 345 1217 407 133

100 520 193 580 subiit
213 489 368 597 cogitatin
390 517 523 577 Nonium
547 537 608 575 non
629 518 777 592 integram
793 515 975 575 sententiam
989 515 1138 588 attulisse,
1162 514 1218 575 sed

101 626 270 687 desiderari
298 624 380 706 quod
406 624 549 692 illisslne
569 627 628 681 ulla
650 624 736 679 Musa
759 619 974 698 responderet,
1001 620 1094 700 idque
1119 622 1218 701 ipsum

100 715 197 794 fuisse
227 753 266 793 ex
292 731 391 792 Ennio
421 737 580 807 sumptum.
624 728 733 807 Itaque
757 728 800 786 sio
824 726 943 785 demum
967 727 1074 787 videor
1096 726 1217 812 concin-

99 842 227 900 nitatem
255 839 427 899 sententiae
455 856 618 916 reparare:
650 836 719 892 Cum
738 835 890 906 Quintipor
913 835 1027 893 Clodius
1050 842 1090 892 tot
1110 851 1217 892 comoe-

99 953 164 1008 dias
191 952 253 1007 sine
281 949 341 1004 ullo
365 946 472 1020 fecerit
498 944 599 1012 Musa,
627 959 678 1014 ayo
706 958 793 997 unum
815 920 936 997 libellum
960 960 1016 998 troo
1037 945 1159 1013 odotem,
1189 950 1220 1001 ut
1266 978 1273 993 ι

100 1057 142 1113 ait
165 1056 294 1124 Ennius,
323 1053 498 1112 ‘volentibus
524 1068 587 1108 cum
610 1050 721 1121 maenis
745 1045 830 1104 dis'?
869 1047 989 1111 ,Extant
1012 1067 1050 1108 ea
1069 1046 1164 1106 verba
1183 1048 1216 1105 in

100 1159 194 1219 Ennii
222 1157 382 1218 annalibus
406 1181 436 1218 v.
459 1164 525 1229 207,
559 1173 741 1234 quamquam
762 1163 906 1232 poterant
928 1155 1018 1214 etiam
1040 1152 1102 1212 alia
1127 1153 1219 1233 Ennii

99 1266 214 1339 verba,
240 1264 327 1325 nobis
355 1285 416 1324 uon
437 1258 574 1333 servata,
605 1260 659 1319 sed
683 1280 761 1339 quae
783 1262 911 1320 similem
930 1261 1111 1321 sententiam
1132 1258 1219 1318 effer-

100 1382 184 1447 rent,
207 1372 249 1431 ibi
269 1372 370 1431 locum
390 1368 514 1429 habere.
561 1367 662 1426 Citata
681 1365 778 1425 verba
799 1365 880 1446 quod
901 1375 971 1446 post
990 1373 1145 1425 auctorem
1165 1383 1218 1441 po-

100 1489 223 1554 nuntur,
244 1478 338 1540 habet
359 1476 392 1536 id
414 1476 460 1535 sui
479 1475 591 1534 similia
609 1476 640 1532 in
657 1474 704 1531 his
720 1472 874 1551 reliquiis:
899 1474 943 1532 sie
967 1474 999 1532 iu
1020 1481 1219 1530 tusrunorrorr

100 1589 140 1645 fr.
163 1596 194 1651 6:
218 1605 275 1645 non
298 1588 378 1643 modo
403 1587 496 1641 olorem
515 1585 595 1652 dure,
624 1585 791 1650 sedetiam,
815 1588 846 1637 ut
866 1583 990 1640 Plautus
1011 1586 1067 1652 uit,
1096 1583 1221 1640 ‘murri-

101 1713 186 1763 nom,
206 1709 336 1765 passum,
359 1690 524 1763 defrutum'
548 1696 578 1747 et
599 1689 631 1745 in
652 1695 738 1759 Tapro
757 1694 902 1746 ttrurnrror
926 1688 963 1746 fr.
986 1693 1134 1750 duumuir
1152 1706 1220 1762 pos-

100 1803 184 1868 ticae,
208 1805 238 1855 ut
257 1800 446 1866 perplacere,
470 1795 708 1867 ‘penitissumae'
746 1794 794 1855 uf.
820 1795 1081 1859 transrotatus.
1117 1796 1220 1875 Atque

99 1901 256 1984 praesidio
285 1922 352 1962 esse
370 1902 450 1967 ¹huie
478 1900 637 1979 suspitioni
657 1909 767 1981 ,potest
794 1901 830 1960 fr.
853 1896 913 1959 ΙΙ;Ι
930 1902 961 1959 in
985 1922 1044 1979 quo
1068 1901 1220 1962 Oehlerus

100 2014 173 2080 divi,
209 2009 289 2089 quod
318 2008 429 2087 optime
455 2006 555 2064 locum
576 2005 684 2080 habet,
714 2009 909 2067 commutavit
936 2009 1103 2087 speciosius
1131 2029 1220 2089 quam

101 2116 205 2175 verius
230 2135 297 2179 eum
318 2112 506 2202 civisvcluit
529 2114 608 2171 enim
629 2114 840 2174 hauddubie:
864 2118 933 2172 miei
954 2105 1137 2188 eivipor'tum
1149 2121 1220 2189 pod-

101 2227 187 2293 tioon,
209 2229 242 2279 ut
263 2223 384 2300 saepius
407 2218 516 2278 dicitur
538 2225 614 2279 ciere
633 2232 762 2294 portum.
808 2224 903 2280 Immo
918 2222 1128 2301 imperfectam
1151 2242 1219 2280 sen-

102 2328 231 2386 tentiam
251 2327 368 2415 Nonius
393 2325 642 2406 (p.168,13),ut
665 2329 798 2413 saepips,
822 2328 956 2404 tradidit,
980 2350 1070 2410 quam
1092 2323 1139 2388 sie
1154 2330 1219 2390 fere

103 2433 265 2515 suppleas:
294 2424 417 2508 midique
440 2436 506 2504 divi,
529 2437 595 2491 dum
618 2452 707 2509 scopo
726 2439 812 2495 introi
832 2457 931 2496 novom
946 2445 1065 2510 partum
1076 2442 1219 2514 poeticen,

102 2543 304 2614 adspirorunt.
331 2539 439 2618 1Quae
462 2539 562 2600 media
578 2549 647 2598 sunt
670 2520 838 2622 depravate
860 2543 1034 2603 traduntur:
1054 2549 1158 2619 papiri
1171 2564 1220 2602 no·

101 2649 170 2704 leoe'i
199 2663 305 2718 scapos
331 2651 436 2720 capitio
463 2668 534 2707 novo
552 2658 644 2721 portu
663 2654 806 2733 politicen.
850 2651 888 2711 In
911 2650 1018 2730 quibus
1044 2671 1136 2709 unum
1158 2651 1219 2709 Ro-

102 2753 185 2813 thius
213 2752 340 2833 pulchre
371 2753 516 2813 restituit:
553 2759 652 2827 inlevi,
686 2764 718 2814 ut
745 2757 891 2817 Horatius
914 2759 945 2816 in
970 2759 1079 2816 saturis
1101 2760 1117 2817 Ι
1139 2767 1165 2832 4,
1188 2766 1222 2821 36

103 2863 303 2936 quodcumque
329 2864 416 2918 semet
442 2862 551 2919 chortis
576 2864 715 2920 tolerarit.
759 2864 831 2921 Fuit
859 2872 959 2922 autem
985 2864 1066 2942 apud
1089 2866 1221 2924 Nonium

103 2967 272 3048 antiquitus
290 2968 333 3025 ita
348 2966 507 3044 scriptum:
526 2971 830 3042 papirinleuiiscopes,
853 2978 886 3027 ut
903 2969 1031 3049 duplicis
1047 2976 1059 3029 i
1073 2972 1222 3051 scriptura

104 3074 144 3133 ab
164 3071 352 3154 insequentis
375 3089 479 3145 scapos
500 3072 585 3130 initio
607 3081 772 3151 repetatur.
799 3075 865 3132 lam
888 3074 1049 3155 dupliciter
1071 3085 1222 3136 structura

104 3189 187 3242 stare
208 3188 319 3260 potest,
344 3187 396 3236 aut
417 3196 522 3253 scapos
541 3183 628 3237 inleoi
646 3199 717 3257 neoc
733 3191 826 3254 portu
838 3187 960 3255 poetico,
984 3189 1015 3240 et
1038 3183 1081 3240 sie
1110 3189 1221 3257 poetico

105 3287 184 3346 olim¹
197 3286 278 3347 Iunii
301 3294 332 3345 et
352 3284 432 3344 aliae
456 3285 615 3359 editiones,
642 3295 694 3344 aut
710 3305 798 3360 scopo
815 3290 900 3344 iuleoi
918 3270 989 3345 nond
1016 3275 1113 3361 portel·
1130 3293 1220 3365 poe'ti-

103 3414 175 3468 eon,
199 3401 233 3452 ut
255 3391 364 3451 eadem
386 3392 425 3450 sit
445 3391 523 3449 haec
546 3413 626 3472 quae
647 3392 728 3472 apud
744 3393 904 3451 Horatium
926 3402 1092 3454 structura:
1116 3404 1146 3453 et
1161 3396 1220 3455 hoe

69 3518 72 3523 ⁴
103 3508 263 3581 praestare
292 3497 505 3577 probabilitate
535 3495 664 3556 arbitror
689 3506 813 3577 propter
837 3502 984 3571 politicen,
1015 3500 1096 3579 quod
1119 3511 1165 3560 est
1190 3502 1220 3560 in

41 3651 43 3654 ψ
72 3574 203 3666 'libris
246 3605 355 3664 Restat
376 3603 598 3663 incommodum
620 3609 740 3678 capitio,
771 3624 787 3662 e
814 3623 872 3683 quo
898 3605 977 3682 quod
1000 3605 1150 3666 Oehlerus
1172 3627 1220 3665 eu·

100 3718 174 3788 pitia
195 3711 330 3784 effinxit,
361 3711 465 3769 nescio
489 3730 578 3789 quam
597 3709 656 3767 hoc
675 3711 807 3768 ieiunum
826 3711 864 3768 sit
889 3712 974 3770 iuxta
993 3723 1110 3788 portum
1129 3718 1221 3787 poeti-

105 3839 168 3879 con.
212 3818 280 3877 Nec
301 3816 373 3875 milri
397 3817 507 3874 certior
529 3815 699 3907 emendatio
722 3820 871 3897 suppetit:
894 3827 995 3878 tamen
1016 3818 1123 3893 dicam,
1147 3819 1221 3900 quid

106 3927 138 3985 iu
167 3931 299 3982 mentem
323 3904 457 3982 venerit:
493 3922 631 4001 suspicor
664 3922 743 3980 enim
769 3922 846 3982 haee
874 3947 953 4007 quae
979 3934 1048 3986 sunt
1076 3927 1106 3984 in
1135 3926 1219 3985 libris

106 4048 212 4105 scopos
232 4034 339 4104 capitio
364 4030 407 4088 sie
430 4031 531 4109 potius
555 4028 767 4105 coniungenda
788 4051 869 4090 esse:
892 4050 980 4108 scopo
1001 4038 1130 4107 scupilio,
1155 4054 1221 4091 eam

106 4157 182 4196 vero
207 4135 440 4214 dittographianr
465 4155 532 4194 esse
556 4134 701 4211 simplicis
725 4156 784 4193 non
805 4143 933 4214 serpilli,
962 4139 1042 4220 quod
1067 4139 1141 4197 nihil
1164 4148 1219 4213 est,

110 4241 165 4302 sed
184 4247 300 4317 scopuli
321 4240 512 4313 deminutivi,
541 4259 619 4320 quae
642 4240 771 4300 Varroni
799 4243 829 4301 in
851 4244 968 4304 deliciis
992 4266 1059 4304 esse
1080 4244 1219 4304 vidimus

100 4350 219 4431 ltaque
241 4349 286 4408 sic
304 4347 366 4426 legi
390 4357 472 4408 certe
495 4349 561 4408 sine
584 4347 751 4409 offensione
772 4351 973 4428 fragmentum
994 4359 1111 4429 potest:
1182 4366 1185 4370 ’
