2760 4890
137 300 179 367 '42
289 332 293 341 =
458 353 462 357 .
568 256 823 368 conrncduuun.

176 480 239 537 '4
361 549 364 554 Ι
442 476 501 534 Sed
516 479 718 549 pancarpinen
739 481 800 538 cibo
819 490 919 538 coacto

288 585 455 641 libamenta
474 584 571 657 leucus
592 587 705 643 caduca
727 589 825 644 melus.

135 719 278 800 Denique
295 707 366 782 inf>
388 716 506 776 Nonius
529 717 575 777 bis
596 719 752 797 perhibuit
771 742 801 800 p.
817 732 885 795 336,
906 732 939 786 8:
968 721 1077 782 ‘limen'
1097 704 1190 780 omnis
1208 729 1252 780 in·

134 818 291 902 pressus}
307 859 334 869 -
357 827 452 884 Varro
474 826 505 882 V.
520 826 557 882 D.
578 827 632 884 ‘nd
645 845 716 901 quos
733 834 797 887 cu'm
814 827 939 889 uolucris
955 819 1130 902 (volucribus
1145 826 1250 906 Leid.)

69 977 79 996 .
135 936 211 991 venti
230 939 262 991 ul
282 935 345 990 illos
364 950 455 1007 usque
478 935 517 990 ud
539 935 637 992 limina
660 939 751 993 nitida
772 937 857 994 bilis?
881 943 912 995 et
932 958 963 1017 p.
985 943 1052 1010 529,
1073 945 1090 1000 9
1112 935 1219 994 ‘uilc’.
1244 981 1250 993 .

131 1060 189 1115 pro
205 1040 361 1114 frequenti.
412 1041 506 1098 Varro
535 1042 565 1097 V.
587 1043 623 1098 D.
646 1040 758 1102 ‘clabos
781 1043 903 1116 (astutos
924 1041 1095 1122 Wolfenb.)
1118 1061 1184 1100 cum
1204 1062 1252 1102 vo-

133 1152 230 1208 lucres
248 1150 511 1221 autumnales,
536 1150 627 1222 usque
647 1153 686 1207 aul
705 1152 803 1208 limina
821 1153 917 1208 aidica
935 1139 1021 1208 uilis?
1056 1151 1106 1209 Ex
1121 1150 1181 1210 hac
1196 1148 1251 1209 du-

133 1255 207 1337 plici
234 1255 379 1315 memoria
398 1252 490 1313 valde
503 1252 681 1332 depravatu
708 1256 846 1333 Scaliger
870 1256 1028 1333 ingeniose
1057 1242 1130 1315 eam¹
1159 1275 1250 1337 quum

134 1382 226 1443 supra
252 1361 341 1443 posui
368 1362 548 1441 scripturam
575 1362 690 1422 elicuit:
725 1382 817 1443 qnam
845 1361 968 1441 quidem
997 1360 1149 1422 Oehlerus
1178 1382 1249 1422 con-

134 1476 220 1534 sueto
249 1488 303 1554 sno
330 1468 457 1547 ‘inepte'
491 1467 663 1542 damnavit,
694 1456 761 1549 ipse
789 1468 903 1528 ‘atauus
930 1487 995 1526 cum
1022 1471 1148 1526 volucris
1176 1473 1253 1528 uenit

133 1578 215 1652 apud
233 1579 298 1634 illos
318 1593 409 1650 usque
431 1578 470 1634 ad
490 1579 589 1634 limina
612 1575 674 1635 nulli
694 1581 741 1635 aui
761 1575 867 1654 (genii.
888 1575 926 1635 ab
949 1579 1031 1652 uuus)
1054 1579 1118 1634 uilis
1142 1575 1248 1656 (genii.

133 1682 173 1743 ad
193 1686 255 1742 nidi
274 1681 446 1762 pertinens)
471 1701 510 1740 ex
532 1702 588 1741 sua
607 1683 782 1742 coniectura
803 1681 936 1742 scribere
959 1685 1113 1764 conatus'‚
1142 1703 1247 1764 quam·

133 1810 224 1872 quum
246 1788 334 1849 ‘certi
356 1789 431 1848 nihil
453 1797 555 1868 potest
577 1789 720 1849 constitui
740 1789 772 1847 in
793 1788 862 1847 loco
883 1797 945 1848 tam
969 1793 1132 1870 corrupto'.
1172 1792 1247 1851 Par·

132 1918 211 1971 cam,
243 1918 282 1956 ne
304 1896 417 1956 iudicio
440 1896 569 1956 aliorum
589 1896 678 1973 nimis
701 1881 819 1954 diffisus
842 1895 965 1970 videar,
995 1898 1055 1957 ista
1077 1907 1248 1969 commenta

131 2004 278 2063 curiosius
299 2003 491 2083 expendere:
513 2002 572 2061 hoc
585 2009 712 2077 moneo,
735 2001 816 2083 quod
834 2003 927 2062 Nonii
946 2004 1132 2084 exemplaria
1150 2006 1246 2066 altero

130 2111 199 2170 loco
223 2115 324 2171 alalos
349 2129 404 2189 pro
432 2130 468 2170 eo
493 2109 575 2191 quod
600 2116 648 2168 est
673 2110 775 2188 priore
803 2114 843 2170 ud
869 2129 940 2186 quos
966 2109 1126 2184 exhibent,
1155 2113 1188 2172 in
1210 2134 1245 2173 eo

130 2215 183 2294 qui
205 2214 343 2274 crebram
363 2225 373 2275 l
392 2224 423 2276 et
444 2221 471 2287 cl,
495 2236 519 2275 n
531 2224 563 2275 et
580 2220 596 2275 b
614 2215 785 2274 litterarum
798 2218 1052 2295 permutationem
1065 2219 1244 2292 meminerit,

129 2321 205 2381 nihil
226 2315 389 2382 aliud'nisi
412 2322 571 2400 Scaligero
592 2320 752 2402 probatum
770 2326 809 2381 ud
827 2338 899 2397 quos
920 2322 1016 2383 lutere
1038 2324 1095 2384 sibi
1117 2347 1242 2406 persuu-

130 2427 224 2489 debit.
1068 2508 1070 2512 ,

20 2546 21 2550 ’
214 2537 336 2597 Pariter
363 2534 500 2594 eiusdem
528 2533 677 2614 Scaligeri
698 2535 853 2614 ingenium
876 2537 932 2597 sed
949 2527 1143 2616 spietumab
1163 2541 1242 2602 Oeh·

128 2633 194 2704 lero
208 2649 252 2702 >et
274 2641 343 2700 aliis
369 2640 547 2720 explenduit
573 2642 605 2701 in
633 2639 881 2721 coagmentandis
904 2646 984 2717 eius,
1012 2644 1093 2706 unde
1119 2638 1241 2709 deflexi·

129 2753 204 2822 mus,
228 2743 375 2825 ἕγκωμίου
395 2745 542 2825 reliquiis,
567 2748 711 2827 quasillo
727 2752 760 2809 in
776 2750 941 2810 Catulectis
958 2772 988 2830 p.
1004 2759 1089 2813 252'e
1114 2754 1240 2820 diversis

128 2855 221 2915 Nonii
241 2852 367 2913 latebris
391 2853 535 2913 collectas
557 2856 616 2914 hoc
639 2856 745 2916 ordine
769 2856 956 2937 descripsitt.
1004 2899 1007 2906 -

57 3088 58 3091 Ἴ
170 3005 262 3086 Ι(14)
323 3011 396 3065 Aule
419 3024 507 3068 aures
526 3012 600 3067 modo
621 3026 661 3067 en
682 3013 826 3069 sobolibus
843 2989 974 3084 parvoli

328 3117 435 3173 Interii
455 3117 642 3174 demittuntur
662 3133 716 3174 sen
737 3096 931 3176 cincinnolis

330 3225 412 3281 Oculi
431 3225 607 3296 subpucluli
631 3226 743 3298 niqcllis
758 3227 889 3299 pupulis,

330 3332 481 3400 Quondam
503 3331 677 3390 hilaritatem
698 3335 894 3406 siquificunles
915 3338 1058 3405 assimiles,
1085 3321 1087 3324 ’

168 3467 202 3526 Π
219 3464 279 3546 (Ιῖ)
330 3468 407 3536 Quos
429 3467 635 3539 calliblephara
657 3470 789 3526 naturali
805 3472 966 3543 pulpnelrrae

331 3575 449 3631 Tincluc
470 3574 589 3630 cullulos
610 3575 705 3630 mobili
725 3581 807 3647 scptu
826 3583 931 3636 teneat.

100 3793 102 3798 Ι
167 3709 184 3768 Ι
201 3706 260 3789 (14)
326 3711 364 3768 Ar
384 3713 475 3767 rictus
495 3712 555 3772 oris
576 3712 694 3794 candidi
710 3714 915 3792 pervincumur

300 3847 303 3852 ’
331 3818 365 3875 Ul
382 3817 532 3890 refrenato
549 3816 611 3872 risu
632 3831 715 3872 roseo
739 3813 754 3850 *

166 3951 216 4012 ΠΙ
234 3951 294 4031 (ll)
325 3954 426 4027 Sipilln
443 3954 474 4008 in
495 3958 588 4009 mculo
609 3954 752 4025 impressa
772 3959 878 4029 umoris
897 3960 1014 4034 clipilulo

333 4061 454 4134 Vesliyiu
476 4061 674 4119 demonstrant
693 4055 903 4121 mollitudinem.

165 4194 212 4262 IV
227 4192 287 4274 (13)
327 4197 434 4255 Collum
449 4212 606 4269 procerum
625 4199 724 4270 fictum
744 4200 800 4256 leci
810 4218 963 4261 marmore

325 4305 468 4378 Rupilium
489 4306 615 4360 lulsicam
637 4304 784 4378 diffinitur
800 4325 949 4382 purpure.
