2760 4890
200 329 258 394 158
548 362 552 368 ψ
627 343 884 394 conrecmam.

147 585 153 592 .
281 503 384 582 Atque
404 502 483 562 haec
506 502 565 561 duo
587 503 759 582 fragmenta
780 504 873 564 facile
898 505 1030 563 transire
1050 503 1180 565 licebat:
1221 505 1312 585 longe

196 607 368 687 impeditius
390 610 570 688 proximum,
594 612 678 670 cuius
700 611 779 670 hanc
803 612 937 690 speciem
958 610 1078 670 Nonius
1099 612 1256 691 perhibuit
1280 634 1311 692 p.

199 725 263 787 tto,
286 725 303 778 3
334 713 528 774 ‘Maeander'
551 725 596 775 est
615 721 751 790 picturae
773 735 865 791 aeuus
884 722 1008 777 adsimili
1029 717 1137 796 (immo
1159 721 1195 775 ab
1215 721 1312 795 sterili)

195 838 282 894 opere
300 825 528 896 labyrinthorum
550 833 653 897 ortum,
671 829 819 883 claviculis
837 829 994 901 intipatum.
1034 829 1129 884 Varro
1154 827 1228 901 Tafe
1249 828 1310 884 Me·

195 934 286 1002 rippa
308 928 561 1009 ‘mptexorreoear
581 934 652 988 mibi
669 933 764 1007 facies
785 937 977 992 maeandrum
998 941 1027 992 et
1045 933 1202 1000 maculata,
1224 938 1311 1003 atque

195 1040 279 1092 etiam
301 1037 372 1094 adeo
391 1042 470 1112 tapes
492 1041 587 1096 orbem
611 1038 730 1095 terrae'
775 1037 936 1098 Ascribam
959 1045 1084 1098 conatus
1107 1035 1308 1115 superiorum,

195 1144 303 1224 quibus
320 1145 499 1223 praesertim
512 1152 712 1203 monstrosam
724 1142 806 1201 illam
818 1163 960 1221 graecam
972 1145 1099 1203 formam
1118 1141 1158 1202 ad
1172 1142 1309 1221 aliquam

194 1252 261 1310 veri
283 1252 416 1329 speciem
437 1252 576 1328 redigere
598 1259 792 1331 temptarunt.
824 1252 862 1309 In
884 1271 945 1331 qua
959 1251 1100 1330 plerique
1121 1255 1242 1327 partem
1263 1247 1307 1304 in-

192 1335 367 1437 scriptionis
393 1357 573 1418 delitescere
600 1363 756 1436 putarunt:
789 1355 822 1414 id
848 1348 932 1436 quod
958 1358 1130 1427 Mercerus,
1167 1374 1236 1413 cum
1263 1356 1307 1412 in·

102 1480 104 1491 ¹
193 1473 307 1524 tactam
331 1464 532 1543 corruptelam
554 1471 725 1542 repeteret,
749 1462 944 1522 distinctione
966 1462 1128 1522 verborum
1149 1461 1306 1521 indicavit.

193 1572 333 1648 Scaliger
354 1572 394 1631 ad
413 1573 541 1632 Festum
562 1589 649 1630 suum
672 1590 696 1630 s.
716 1591 747 1630 v.
767 1571 928 1630 Maeander
958 1569 1000 1648 (p.
1024 1579 1076 1633 1³6
1096 1563 1236 1649 M.)'ita:
1274 1571 1306 1632 V.

193 1676 274 1758 ταφῇ
294 1676 461 1736 Μενίππου
480 1664 500 1752 ἢ
516 1673 703 1756 περιέχοντας
723 1675 884 1756 ταριχείαςι
906 1677 980 1735 Mtbi
997 1676 1093 1750 facies
1114 1680 1307 1750 maeandrata

192 1792 220 1839 et
246 1788 447 1853 vermiculata,
477 1793 563 1857 atque
594 1789 666 1842 adeo
698 1788 814 1857 ciapeus
841 1785 936 1841 orbem
965 1789 1070 1840 terrae.
1115 1783 1306 1867 Nimirume

192 1888 331 1948 sordibus
347 1888 440 1950 Nonii
459 1891 620 1971 quaesivit,
645 1888 726 1969 quod
743 1889 845 1969 aliquo
865 1888 955 1949 modo
979 1866 1046 1948 cum
1065 1888 1148 1970 ταφῇ
1162 1889 1306 1966 coniungi

191 2004 310 2074 posset:
335 2017 370 2055 ac
391 1997 522 2083 videtur,
547 2018 615 2056 cum
635 1981 785 2075 ταριχείαν
802 1995 833 2056 h.
851 2014 877 2054 e.
893 1994 1104 2073 pollincturam
1120 1996 1307 2056 cadaverum

192 2103 328 2177 inferret,
351 2103 396 2163 de
412 2105 559 2163 Varronis
579 2109 663 2161 [trem
681 2108 752 2158 IIsn
770 2108 861 2173 Taesc
878 2103 1039 2181 cogitasse,
1060 2103 1093 2160 in
1117 2121 1180 2181 qua
1201 2111 1307 2162 satura

190 2208 249 2267 hoc
270 2217 317 2267 est
338 2209 374 2267 fr.
397 2219 428 2271 2:
458 2213 555 2281 Quare
581 2213 752 2270 Heraclides
779 2200 1000 2282 Panticapes
1021 2213 1113 2283 sapit,
1139 2215 1199 2284 eut
1215 2217 1306 2286 prae-

190 2320 265 2391 cepit
285 2325 318 2374 ut
335 2321 546 2390 comburerent,
570 2338 655 2393 quem
674 2319 867 2384 Democritus,
886 2320 937 2390 qur·
953 2323 984 2374 ut
1002 2320 1032 2392 ιἰι
1047 2319 1129 2374 mette
1143 2325 1304 2375 seruarent.

191 2421 253 2480 Sed
285 2443 342 2482 nec
369 2426 467 2503 ipsam
495 2426 622 2483 formam
656 2442 746 2502 quam
780 2421 911 2481 voluerit
944 2421 1053 2481 indicis
1082 2421 1240 2501 ‘perspicio
1274 2432 1305 2482 et

189 2527 335 2608 ταριχείας
357 2532 490 2590 rationes
509 2531 626 2589 alienas
645 2528 683 2588 ab
701 2529 763 2588 hac
784 2537 887 2588 satura
909 2529 1004 2588 fuisse
1026 2527 1165 2588 arbitror.
1198 2530 1236 2591 In
1257 2551 1304 2589 re·

189 2634 280 2713 liquis
306 2643 390 2695 recte
415 2637 554 2714 Scaliger
571 2656 626 2717 pro
650 2640 795 2695 vinculata
814 2635 959 2694 librorum
979 2638 1167 2694 vermiculata
1180 2635 1303 2710 scribit,

189 2749 222 2799 ut
245 2743 277 2800 in
300 2741 482 2801 editionibus
503 2743 642 2802 Mercero
665 2730 870 2823 superioribus
888 2733 1069 2818 legebatur?
1090 2741 1122 2801 id
1143 2742 1227 2830 qnod
1250 2765 1303 2822 ap·

187 2849 304 2908 tissime
326 2869 413 2908 suum
433 2850 533 2909 locum
554 2851 638 2910 iuxta
658 2855 849 2909 maeandrata
873 2847 1010 2907 obtinere
1028 2839 1223 2909 manifestum
1237 2848 1303 2909 est.

188 2954 268 3015 Vide
282 2955 393 3014 Lucilii
412 2975 534 3015 versum
555 2956 637 3035 apud
651 2957 831 3033 Ciceronem
851 2957 883 3016 in
904 2963 1024 3015 oratore
1041 2975 1067 3016 c.
1083 2964 1127 3030 44,
1146 2966 1196 3021 tta

340 3111 431 3180 Quum
452 3113 544 3184 lepide
567 3106 655 3182 λέξεις
677 3088 847 3185 compostae,
869 3119 900 3168 ut
922 3112 1078 3168 tesserulae
1100 3128 1198 3168 omues

334 3219 409 3275 Arte
425 3221 586 3291 pauimenti
606 3228 691 3293 atque
712 3221 874 3276 emblemate
896 3191 1106 3275 vermiculato.⁸

187 3368 236 3428 Of.
257 3367 295 3428 Ο.
316 3369 416 3444 Iahnii
439 3369 508 3428 adn.
537 3368 628 3431 adh.
650 3372 670 3430 l.
715 3375 831 3445 cinaeus
853 3390 870 3429 e
892 3371 1027 3446 margine
1045 3369 1126 3428 Iunii
1148 3380 1302 3452 sumptum

187 3483 248 3551 est,
279 3475 427 3535 editiones
446 3477 586 3536 Mercero
607 3466 792 3557 antiquiores
812 3476 878 3535 fere
899 3481 1015 3551 iugens:
1042 3472 1175 3556 quorum
1192 3486 1300 3537 neutro

187 3583 323 3642 codicum
351 3582 437 3642 labes
465 3587 545 3658 iopes
572 3583 696 3643 tollitur.
730 3587 815 3641 etiam
842 3592 912 3641 ante
942 3587 1013 3641 adeo
1038 3591 1138 3643 utrum
1160 3583 1300 3642 consulto

186 3711 225 3748 an
251 3690 426 3769 imprudens
449 3689 588 3766 Scaliger
614 3689 762 3762 omiserit,
789 3690 903 3748 nescio,
949 3688 1140 3766 Scaligerum
1160 3689 1228 3748 fere
1252 3709 1300 3747 se·

184 3796 286 3874 quitur
313 3797 446 3875 Popma:
476 3797 534 3856 nisi
559 3796 642 3876 quod
668 3815 782 3874 graeca
810 3795 854 3854 sic
876 3795 1064 3854 conformata
1086 3791 1155 3873 περὶ
1182 3793 1300 3873 ἔχοντος

183 3900 329 3977 ταριχείας
349 3902 529 3978 fragmento,
551 3923 613 3962 non
631 3903 820 3981 inscriptioni
840 3899 989 3960 attribuit:
1005 3900 1092 3981 *quae
1109 3921 1177 3960 cnm
1195 3902 1299 3961 ‘libris

184 4006 328 4084 antiquis’
353 4005 508 4079 adscribit,
529 4010 633 4067 nescio
654 4029 713 4090 quo
733 4007 766 4066 id
787 4009 852 4067 iure
874 4008 976 4066 faciat.
1016 4008 1085 4067 Nec
1106 4014 1211 4066 tamen
1233 4009 1300 4088 ipse

182 4112 394 4190 intemptatum
415 4113 514 4172 locum
537 4115 663 4173 dimisit:
694 4115 825 4173 coniecit
846 4115 925 4173 enim
951 4108 1018 4193 περὶ
1041 4109 1159 4190 ἔχοντος
1179 4105 1217 4172 τὰ
1241 4133 1298 4172 τει-

183 4217 231 4294 χία
255 4211 368 4296 μύχοτιε
399 4219 430 4277 in
457 4220 564 4300 quibus
586 4220 758 4297 elegantem
779 4212 980 4300 periphrasim
1001 4222 1121 4280 tectorii
1142 4221 1298 4280 conclavis

182 4325 329 4401 agnoscit,
353 4328 451 4387 ‘cuius
474 4323 570 4387 facies
593 4335 639 4388 est
661 4326 795 4406 implexa
818 4335 848 4386 et
872 4329 1015 4388 distincta
1035 4328 1139 4408 parvis
1161 4329 1297 4388 insititiis
