2760 4890
170 327 231 387 114
347 378 356 386 .
598 338 856 387 commorarer.

168 505 247 571 runt,
271 497 326 556 aed
349 496 372 553 ii
391 497 555 575 septenarii
576 500 637 557 sint
655 498 800 556 trochaici
812 519 850 557 an
863 507 897 557 ut
911 499 1086 576 superiores
1096 495 1225 557 ‘iambici
1238 517 1288 556 ee·

168 604 247 662 narii
265 601 395 662 dubitari
415 611 526 682 potest.
552 605 725 685 Septenarii
747 606 827 695 enim
843 625 911 664 cum
926 606 1018 664 facile
1038 606 1080 664 ita
1098 605 1289 684 procedant:

323 755 329 768 .
354 755 361 768 .
385 755 392 768 .
415 715 463 769 abi
480 713 507 769 e't
529 716 666 792 dieantur
685 713 807 770 bdrbari
824 715 1048 772 innumerabiles

322 819 443 877 La'terea
465 821 571 876 acreda
592 821 735 888 tabuisse,
789 835 793 842 ·

170 925 304 984 senarios
332 924 384 983 ubi
412 926 559 1003 effingere
581 925 659 985 velis
689 923 790 983 obstat
811 925 1005 985 intolerabile
1028 901 1153 985 alterius
1177 941 1289 981 versus

168 1031 302 1090 initium:

321 1138 429 1196 latere'r
451 1140 556 1196 curedo
576 1140 718 1197 habuisse.

170 1242 232 1302 Oui·
255 1243 413 1301 offensioni
442 1263 501 1322 quo
534 1253 708 1302 occurreret
735 1245 909 1324 Roeperum
938 1265 999 1304 non
1029 1246 1166 1305 destituit
1188 1253 1290 1304 trans·

168 1350 303 1427 ponendi
324 1351 479 1409 machina:

268 1455 276 1464 “
320 1459 455 1515 babuisse
478 1461 584 1515 lateres
606 1463 720 1517 oetreoa.

169 1564 314 1622 Attamen
340 1564 478 1642 quamvis
499 1564 628 1641 optarim
650 1554 836 1641 fragmenta,
865 1584 943 1643 quae
967 1585 1023 1623 aua
1045 1563 1290 1622 conformatione

171 1689 206 1728 ac
221 1670 373 1727 sententia
389 1670 610 1743 contineantur,
635 1671 741 1730 eodem
759 1671 919 1730 decurrere
935 1691 1060 1730 numero
1084 1671 1192 1748 (aliam
1208 1671 1290 1729 enim

171 1796 294 1835 causam
324 1796 377 1833 cur
402 1778 575 1853 praeferam
601 1779 737 1837 senarios
759 1756 823 1838 non¹
842 1778 948 1838 video:
978 1796 1035 1836 nec
1058 1775 1132 1854 quid
1150 1777 1288 1852 tragicus

169 1901 277 1941 versus
305 1880 385 1960 apud
415 1861 594 1943 Ciceronem
618 1884 656 1943 de
684 1885 954 1956 nat.deor.142,
978 1891 1029 1945 119
1051 1881 1091 1940 ad
1116 1882 1289 1942 Varronem
1332 1956 1335 1962 Ι

169 1987 289 2061 valeat,
318 1987 493 2068 intellego),
516 1999 617 2050 tamen
638 1992 688 2071 qui
711 1992 830 2050 discere
852 1991 952 2070 potius
975 2009 992 2047 e
1013 1988 1149 2068 reliquiis
1171 1989 1289 2047 Varro-

169 2093 216 2152 nis
244 2112 357 2151 morem
384 2114 474 2173 quam
497 2095 609 2155 docere
631 2099 730 2175 ipsum
752 2097 869 2176 cupiat,
900 2097 932 2154 in
952 2096 1065 2155 tradita
1088 2095 1235 2152 memoria
1256 2104 1288 2152 'et

170 2202 222 2280 qui
244 2221 281 2259 ea
303 2200 551 2260 commendantur
572 2203 754 2283 septenariis
780 2202 939 2281 perstabit.
983 2203 1126 2279 Denique
1146 2220 1208 2259 non
1232 2203 1287 2258 im·

169 2309 299 2386 peritum
323 2308 456 2387 Roeperi
484 2320 683 2369 commentum
709 2313 825 2382 flavisse
854 2329 910 2386 ego
939 2329 1000 2366 non
1030 2308 1107 2366 tanti
1130 2307 1227 2380 facio,
1255 2317 1288 2365 ut

171 2414 370 2474 condemnem
391 2418 533 2473 babuisse.

254 2521 359 2601 Atque
375 2521 462 2580 haec
491 2522 613 2600 quidem
639 2541 707 2578 cum
730 2520 914 2579 conveniant
937 2520 1016 2576 omni
1037 2519 1082 2576 illi
1107 2519 1146 2578 de
1170 2520 1286 2578 itineri-

168 2626 225 2686 bus
253 2627 434 2698 narrationi,
462 2647 480 2684 a
508 2626 618 2685 ceteris
640 2626 730 2703 longe
754 2625 918 2684 abhorrent
940 2644 995 2682 cae
1016 2624 1180 2704 reliquiae,
1211 2647 1288 2706 quaa

171 2755 187 2792 e
206 2735 307 2793 media
328 2732 521 2813 philosophia
542 2731 691 2791 delibatas
716 2753 783 2792 ease
806 2753 855 2791 res
877 2733 945 2810 ipsa
966 2730 1089 2791 indicat.
1135 2733 1287 2792 8111111111-

169 2849 231 2899 tem
252 2842 328 2900 hae:

253 2957 272 3010 8
327 2949 473 3020 Unamque
495 2951 568 3005 mam
591 2949 707 3004 Zenona
729 2950 868 3005 moenisse
888 2950 961 3004 derce
982 2948 1101 3016 virtute,
1124 2948 1202 3004 banc
1224 2965 1318 3005 esse.

320 3056 456 3112 nobilem:
486 3057 607 3111 alteram
632 3055 810 3111 Carneadem
831 3056 1029 3122 deambulasse,
1061 3034 1142 3109 bona
1155 3058 1290 3126 corporis

320 3169 457 3219 secutum.

253 3274 268 3329 7
319 3269 447 3325 Alteram
470 3272 544 3326 riam
558 3268 737 3341 deformasse
755 3267 932 3322 Carneadem
948 3267 1062 3322 virtutis
1077 3284 1092 3324 e
1108 3270 1192 3345 capia
1208 3271 1288 3324 aeria

318 3379 399 3432 aceti.
1276 3396 1289 3420 1

169 3478 305 3557 Quorum
327 3481 410 3559 prius
432 3481 551 3538 Nonius
572 3479 664 3537 tradit
686 3500 717 3558 p.
740 3488 783 3551 99,
805 3489 840 3541 30
858 3478 890 3535 in
911 3477 992 3534 hunc
1013 3475 1148 3535 modum:
1175 3478 1288 3534 ‘Deou-

167 3589 286 3643 balare’
305 3589 473 3662 perfodere.
500 3590 530 3646 V.
562 3588 640 3660 Seaq.
664 3585 769 3643 ‘unam
788 3590 899 3643 veniam
919 3602 1058 3642 assemano
1075 3588 1195 3642 monicae
1214 3588 1288 3643 dicae

169 3694 283 3750 virtate'
307 3712 333 3750 e.
358 3713 387 3772 q.
412 3713 436 3751 s.
480 3690 606 3750 Leviter
629 3692 828 3772 depravatum
853 3712 940 3750 unam
965 3694 1075 3748 veniam
1098 3709 1166 3747 cum
1188 3689 1286 3768 tripli-

169 3799 243 3856 citer
266 3809 434 3857 correctum
456 3798 569 3856 iverint
593 3807 645 3856 aut
671 3818 758 3856 anam
783 3803 857 3857 aiam
886 3805 938 3856 aut
965 3799 1109 3870 unamque
1129 3799 1204 3854 viam
1235 3804 1288 3854 aut

168 3923 255 3961 unam
276 3908 453 3972 calatriam,
475 3923 578 3961 eorum
600 3904 716 3962 nullum
735 3914 791 3976 est,
816 3904 898 3984 quod
919 3924 979 3962 non
1003 3924 1058 3962 sua
1076 3904 1195 3962 ratione
1216 3924 1286 3982 pro·

168 4008 234 4066 bari
260 4010 366 4087 possit.
408 4009 446 4067 In
475 4009 533 4066 hac
567 4011 665 4069 forma
696 4029 836 4070 assemano
865 4011 1005 4088 Scaliger
1033 4013 1065 4069 in
1096 4010 1285 4074 Ausonianis

167 4113 348 4172 lectionibus
369 4115 403 4172 II
425 4125 456 4178 31
483 4113 544 4191 (ed.
560 4115 659 4192 Lugd.
680 4124 747 4179 1574
762 4139 793 4196 p.
811 4095 876 4194 l73)
906 4090 1037 4176 Zenonis
1058 4134 1169 4175 nomen
1192 4135 1286 4192 agno-

167 4222 226 4279 vit:
249 4222 281 4279 in
304 4240 362 4299 quo
384 4223 507 4280 nomine
529 4220 611 4301 quod
633 4240 663 4280 aa
687 4222 828 4281 scribitur
850 4243 904 4300 pro
927 4241 958 4295 z,
983 4223 1022 4281 cf.
1048 4240 1127 4301 quac
1155 4218 1194 4279 Ο.
1211 4219 1286 4279 Rib-

167 4328 294 4401 beckiua
323 4328 361 4388 de
390 4330 543 4389 Mezentio
567 4329 733 4412 disputavit
755 4330 787 4387 in
807 4348 887 4386 novo
910 4349 1014 4387 museo
1037 4328 1232 4392 RhemXII
1255 4348 1286 4408 p.
