2760 4890
563 328 820 378 commertium.
1207 313 1246 375 29

96 515 98 519 >
133 507 219 558 nom,
242 496 276 546 ut
299 495 346 546 est
368 487 448 566 apud
462 488 595 547 Nonium
613 508 643 565 p.
663 496 731 560 367,
752 496 800 551 17:
824 489 856 546 in
878 486 962 546 cuius
985 483 1070 550 libris
1089 484 1170 564 quod
1192 484 1247 544 ibi-

133 592 207 652 dem
227 602 261 656 ⁴29
287 591 346 670 (bis
370 594 449 654 enim
471 593 579 652 eadem
599 594 712 671 pagina
730 594 812 654 idem
833 594 1035 670 fragmentum
1056 590 1247 670 perscripsit)

132 717 196 776 pro·
211 706 288 757 stetit
309 699 468 758 exhibetur
489 710 532 758 est
552 708 578 757 et
598 703 642 769 id,
667 698 724 756 hoc
745 720 763 757 a
777 700 973 758 Lachmanno
996 698 1036 757 ad
1050 699 1185 757 Lucretii
1202 699 1247 758 IV

132 813 187 867 283
212 803 309 865 adid
335 823 431 880 genus
461 807 629 885 scripturae
657 805 803 882 refertur,
834 827 892 886 quo
922 825 937 864 s
965 808 1081 886 impuro
1107 806 1140 864 in
1161 806 1247 873 initio
1312 816 1314 822 '

131 910 352 971 vocabulorum
372 916 396 983 i,
425 917 469 981 in,
498 915 542 981 lei,
556 914 624 980 bis,
655 930 670 969 e
696 914 945 991 praemittuntur:
978 923 1012 971 ut
1031 912 1086 971 illa
1108 920 1151 969 est
1172 921 1200 970 et
1218 916 1249 969 id

132 1037 196 1076 non
218 1015 333 1076 distent
348 1015 386 1074 ab
409 1022 510 1076 estetid
526 1017 577 1077 vel
593 1021 682 1085 stetit,
707 1018 959 1096 quemadmodum
979 1023 1116 1093 reliquid,
1139 1023 1247 1093 inquid,

130 1128 193 1194 sid,
217 1127 312 1197 queod
329 1121 390 1181 alie
410 1124 524 1202 scripta
544 1124 575 1181 in
598 1121 683 1181 libris
705 1125 898 1185 inveniuntur
919 1146 974 1204 pro
995 1129 1125 1199 reliquit,
1147 1128 1247 1197 inquit,

131 1233 185 1299 sit,
214 1238 309 1303 queat.
349 1230 392 1289 At
417 1237 519 1287 tamen
547 1228 621 1287 licet
642 1230 696 1288 illa
723 1239 814 1289 estet
838 1235 869 1288 id
889 1250 949 1288 non
971 1231 1068 1290 minus
1091 1229 1247 1288 commodo

133 1356 227 1416 quam
253 1337 284 1394 in
310 1339 411 1394 estetid
431 1337 482 1395 vel
509 1339 583 1393 stetit
611 1337 805 1416 interpretari
831 1337 862 1394 in
887 1345 957 1394 estet
979 1341 1010 1396 td
1030 1339 1061 1398 11.
1083 1358 1110 1401 e.
1134 1347 1188 1396 stet
1208 1343 1247 1408 id,

132 1441 217 1522 quod
238 1443 310 1502 mihi
331 1443 434 1522 paullo
463 1442 554 1501 etiam
582 1443 810 1502 convenientius
833 1443 1003 1502 sententiae
1024 1444 1155 1506 videtur.
1198 1443 1247 1505 Ac

132 1549 188 1608 vel
209 1551 254 1609 sic
275 1550 392 1610 numeri
413 1547 573 1608 verborum
594 1559 758 1628 apparent,
782 1571 857 1630 quos
877 1569 933 1626 ego
955 1551 999 1610 sic
1022 1570 1185 1630 recupero:

288 1731 294 1745 .
319 1732 325 1745 .
342 1691 419 1761 quod
431 1685 564 1744 Minerva
574 1695 699 1761 propter
713 1691 782 1756 ste‘t,
799 1688 831 1745 id
844 1688 1010 1762 sipnificcire
1027 1705 1091 1746 eum

285 1795 410 1867 Propter
432 1796 592 1853 doctrinam

130 1912 183 1972 De
200 1911 348 1992 producta
362 1922 416 1972 stet
430 1913 527 1971 forma
543 1912 582 1971 cf.
599 1911 785 1972 Ritschelius
802 1911 834 1969 in
849 1912 1073 1991 prolegomenis
1092 1911 1131 1972 ad
1146 1913 1248 1973 Plauti

131 2020 570 2099 Trinummump.cnxxX111.
603 2016 745 2076 Ceterum
769 2017 951 2096 imperfecta
973 2021 1124 2078 sententia
1148 2029 1204 2078 est.

219 2127 319 2204 Pergo
342 2133 503 2206 peptexere
524 2133 647 2182 nostrae
670 2131 791 2181 saturae
811 2122 873 2182 fila.
901 2124 1036 2183 Musicus
1058 2145 1125 2184 cum
1145 2147 1246 2185 exem·

130 2231 186 2311 plo
210 2231 408 2303 ostendisset,
439 2250 506 2288 eam
529 2238 626 2289 artem
654 2250 715 2288 non
743 2237 857 2289 temere
886 2249 922 2288 ac
945 2231 1029 2288 nullo
1051 2234 1174 2309 negotio
1194 2255 1248 2312 pa-

130 2338 210 2410 rari,
233 2345 372 2396 naturam
394 2337 458 2395 eius
481 2356 518 2394 ac
539 2337 671 2394 rationes
694 2334 832 2394 discendi
855 2356 1032 2416 expromere
1050 2339 1195 2398 instituit:

220 2456 282 2515 XV
297 2453 339 2533 (5)
383 2501 390 2516 .
411 2454 538 2535 primum
561 2473 624 2513 eom
646 2471 707 2512 esse
723 2443 852 2528 fy'sicen,
881 2460 958 2529 quod
975 2461 1012 2515 sit
1034 2453 1163 2533 ἔμφυτος

376 2565 411 2620 Ut
430 2563 494 2636 ipse
517 2564 673 2620 comburis
697 2563 766 2617 eius.

130 2683 284 2742 Musicam
303 2690 399 2739 artem
419 2679 572 2757 designari
594 2689 731 2758 apertum
753 2688 815 2751 est,
846 2688 877 2738 et
902 2679 940 2738 ab
964 2680 1097 2741 Oehlero
1121 2682 1247 2743 adnota·

130 2798 209 2848 tum.
244 2787 283 2846 Id
300 2787 379 2864 fugit
397 2786 598 2861 eum„verba
617 2787 662 2845 sic
677 2794 710 2844 ut
730 2805 748 2842 a
763 2785 863 2843 Nonio
881 2786 1078 2864 perhibentur
1093 2808 1123 2866 p.
1138 2797 1182 2861 79,
1202 2800 1246 2864 33,

130 2898 166 2956 in
187 2896 324 2955 senarios
346 2895 437 2953 coire.
480 2892 568 2970 Quae
583 2895 622 2953 in
643 2893 728 2950 initio
749 2891 857 2971 prioris
879 2911 986 2951 versus
1009 2892 1096 2952 deest
1116 2880 1246 2973 syllaba,

128 3008 237 3083 potest
267 3020 302 3059 ue
327 3001 439 3074 fuisse,
469 2998 724 3079 abinscriptione
744 2988 813 3068 ivor
837 3003 929 3054 Anac
955 2997 1108 3079 absorpta.
1154 2997 1247 3077 ἔμφυ-

130 3125 184 3177 τος
204 3125 316 3184 greece
336 3107 459 3186 scripsi,
485 3126 551 3164 cum
572 3104 641 3163 libri
662 3107 785 3180 emfytos
802 3103 933 3178 (emfitos)
950 3104 1088 3165 tradant:
1109 3110 1248 3183 physicen

131 3220 239 3272 autem
264 3220 295 3270 et
316 3209 393 3271 basis
413 3212 505 3270 malui
533 3211 636 3271 latinis
664 3210 774 3269 litteris
793 3209 941 3269 scribere:
975 3211 1194 3289 descriptorum
1216 3215 1247 3272 in

129 3319 193 3378 hoc
213 3338 326 3396 genere
346 3318 412 3377 fere
432 3318 517 3376 nulla
530 3315 617 3390 fides,
641 3316 692 3395 qui
714 3317 892 3394 saepissime
911 3336 1024 3393 graeca
1042 3315 1155 3389 latinis,
1173 3338 1261 3399 non-x

129 3442 299 3503 numquam
318 3424 418 3496 ctiam,
443 3442 520 3503 quae
542 3442 624 3482 mere
646 3422 832 3495 latinarum,
857 3422 976 3499 graecis
986 3410 1096 3481 litteris
1108 3425 1246 3503 pingant.

220 3530 341 3590 Natura
367 3530 460 3607 igitur
487 3549 523 3587 ac
552 3528 671 3587 indoles
700 3549 767 3587 cum
795 3530 965 3607 requiratur
986 3527 1026 3586 ad
1047 3537 1158 3603 artem,
1187 3551 1248 3589 non

130 3649 253 3711 tamen,
280 3637 340 3697 nisi
362 3634 493 3694 studium
515 3635 644 3694 accedat
666 3646 696 3694 et
718 3636 862 3708 scientia,
890 3635 995 3714 paullo
1016 3635 1162 3711 insignior
1184 3656 1246 3695 mu·

130 3746 217 3804 sicus
240 3743 360 3804 evadet.
401 3741 552 3820 Exemplo
570 3751 639 3800 sunt
657 3744 804 3802 vinitores
824 3750 853 3801 et
872 3742 1102 3815 sarcinatrices,
1126 3745 1192 3822 qui,
1214 3753 1247 3803 ut

129 3871 196 3910 non
217 3849 354 3910 destituti
382 3856 451 3906 sunt
477 3845 580 3905 indole
604 3848 748 3927 quadam,
784 3850 827 3907 ita
852 3868 919 3906 cum
943 3847 1100 3906 libidinem
1120 3859 1247 3923 tantum,

129 3976 195 4016 non
216 3953 348 4014 studium
370 3961 551 4033 sequantur,
574 3953 730 4014 incondita
752 3964 872 4015 canunt.

219 4076 299 4137 XVI
315 4073 376 4156 (12)
421 4081 559 4138 Homines
586 4081 709 4136 rusticos
729 4082 760 4135 ia
786 4082 926 4138 vindemia
950 4085 1095 4139 incondito
1117 4089 1247 4151 contere,

287 4187 494 4243 sarcinatriees
513 4187 543 4241 in
566 4186 714 4243 machinis.

127 4310 342 4369 sarcinatricic
357 4307 449 4367 Nonii
467 4306 537 4366 libri
553 4330 584 4386 p.
602 4317 650 4381 56,
666 4317 702 4371 23
719 4308 765 4368 bis
782 4311 859 4368 etin
877 4311 1021 4369 lemmate
1043 4318 1073 4368 et
1095 4310 1127 4369 in
1145 4329 1245 4368 exem·
