2760 4890
211 313 270 376 141
640 322 895 371 carmennum.

207 466 320 544 richius
351 486 382 542 in
409 503 514 542 cromm.
542 483 581 542 ad
609 483 788 541 Iuvenalem
817 505 846 561 p.
871 491 916 547 56.
961 481 1008 539 Aa
1037 483 1138 560 passis
1169 482 1323 541 tibi’hanc

209 613 326 653 omnem
348 570 491 649 scaenam
513 590 605 648 talem
626 591 691 649 fere
715 591 814 650 animo
830 591 1005 676 informare,
1030 588 1152 667 qualem
1168 587 1324 646 Iuvenalis

209 699 369 776 descripsit
391 697 407 755 I
432 707 456 768 l,
483 706 531 758 135
554 716 620 775 sqq.

361 853 472 929 Optima
490 854 631 918 ,siluarum
654 856 765 907 interea
779 854 934 925 petapique
953 818 1063 908 vorabit

351 959 425 1040 ,Rea
442 960 559 1026 horum,
583 962 735 1029 vacuisque
758 960 828 1013 toris
845 965 954 1013 tantum
972 960 1034 1026 ipse
1052 953 1164 1012 iacebit.
1185 984 1229 993 —
1244 985 1287 992 -

358 1065 455 1119 Poeno
475 1066 576 1120 trimen'
589 1080 744 1135 praesens,
767 1081 831 1118 111111
852 1073 882 1119 tu
904 1064 1023 1135 deponis
1044 1064 1168 1118 amictus

361 1172 505 1242 Turpidus
522 1179 549 1227 et
570 1174 691 1227 crucium
709 1186 852 1242 pauonem
871 1173 901 1226 in
919 1170 1021 1244 balnea
1042 1175 1154 1238 portas.

359 1278 436 1332 Hinc
458 1280 568 1335 subitae
589 1287 694 1334 mortes
714 1266 799 1350 atque
818 1280 953 1333 intestata
974 1284 1114 1332 senectus.

206 1432 321 1497 Liberti,
344 1447 418 1506 quos
441 1429 614 1509 exsequiari
637 1429 789 1486 dominum
802 1429 900 1487 Varro
919 1426 1001 1497 dicit,
1022 1425 1227 1502 intellegendi
1246 1431 1322 1494 sunt,

130 1579 160 1612 ι.
199 1528 259 1612 'qui
291 1532 416 1590 vixdum
447 1537 515 1613 ipsa
549 1543 645 1594 marte
671 1535 752 1592 illius
781 1534 955 1593 libertatem
982 1535 1065 1592 nacti
1095 1540 1165 1591 sunt
1201 1530 1255 1610 (cf.
1287 1529 1323 1591 Ο.

206 1640 332 1697 Iahnius
355 1639 394 1696 ad
414 1643 498 1700 Pers.
521 1642 542 1701 l.
566 1642 645 1700 infra
668 1638 725 1718 c.):
754 1641 856 1720 itaque
880 1661 931 1699 eos
955 1645 1004 1698 uia
1024 1643 1140 1697 libertos
1164 1636 1223 1716 (sic
1246 1639 1324 1696 enim

208 1743 369 1823 coniunge)
390 1735 492 1805 uacat.
538 1746 715 1805 Turnebum
737 1747 869 1827 quidem,
892 1766 984 1825 quem
1005 1744 1156 1804 Oehlerus
1177 1745 1322 1823 sequitur,

208 1870 287 1915 cum·
301 1853 332 1910 in
356 1852 539 1912 adversariis
567 1851 712 1911 XXVIII
736 1860 769 1912 12
796 1857 929 1926 protervi
956 1852 1097 1910 coniiciat
1123 1872 1179 1931 pro
1202 1861 1324 1924 propter

205 1965 255 2018 oia
282 1958 441 2032 librorum,
476 1978 666 2037 corrumpere
692 1958 860 2016 Varronem
893 1958 1030 2029 arbitror.
1082 1957 1145 2018 Sed
1175 1963 1226 2015 oin
1255 1956 1323 2014 dum

206 2046 410 2144 explicatione
432 2074 527 2138 tuear,
546 2073 670 2138 propter
691 2061 792 2120 labem
813 2064 943 2122 traxisse
967 2063 1112 2138 conceda,
1136 2064 1218 2122 unde
1242 2061 1324 2142 quod

203 2190 329 2246 propere
353 2173 453 2245 elicui,
478 2192 513 2230 eo
537 2180 608 2250 apte
630 2170 796 2240 festinatio,
822 2190 883 2248 qua
902 2169 1088 2229 humandum
1112 2168 1322 2253 dominumfli·
1372 2168 1378 2185 '

203 2279 281 2337 berti
303 2288 423 2351 curant,
452 2277 576 2356 depingi
598 2276 727 2335 videtur.
774 2274 873 2352 Quam
894 2296 1003 2335 vocem
1025 2277 1141 2354 possm,
1173 2277 1199 2334 si
1221 2275 1323 2334 Nonio

198 2386 234 2463 ¹p.
256 2395 323 2458 ⁷421,
347 2394 363 2448 6
389 2383 466 2442 fides
492 2383 531 2440 sit
555 2387 605 2440 vt‘oe
634 2401 700 2440 esse
729 2387 824 2439 Statim
852 2383 883 2440 in
911 2391 1087 2441 Euuanmmus
1110 2381 1148 2439 fr.
1173 2390 1225 2452 43,
1256 2400 1323 2438 cum

204 2492 263 2550 hac
285 2492 437 2569 particula
460 2490 659 2564 coniungere,
690 2496 802 2546 utnon
823 2509 891 2546 raro
912 2489 1077 2548 festinandi
1099 2486 1254 2548 vocabula
1272 2506 1322 2545 cu·

204 2596 369 2654 mutantur:
396 2595 434 2653 cf.
453 2594 580 2653 Plautus
599 2595 630 2652 in
653 2593 765 2653 Casina
778 2594 830 2651 ΙΠ
852 2603 877 2666 6,
896 2603 942 2657 17:
962 2613 1100 2668 propere,
1123 2599 1180 2654 cito
1198 2598 1323 2653 introite.

204 2701 267 2759 Sed
296 2702 367 2760 mihi
390 2701 494 2780 placet
521 2701 575 2758 illa
601 2709 753 2761 structura
780 2707 830 2760 aia
858 2706 952 2760 liberti
966 2701 1007 2765 Δ11.
1024 2712 1064 2759 e.
1092 2702 1219 2761 vixdum
1247 2702 1325 2760 facti

203 2805 313 2865 liberti.
360 2806 416 2865 Oui
445 2806 566 2878 favent,
603 2817 636 2865 ut
666 2828 784 2867 omnem
811 2809 993 2868 sententiam
1016 2807 1187 2880 illustrant,
1216 2827 1324 2866 versus

165 3000 168 3005 Ι
202 2913 300 2970 Persii
322 2912 373 2970 HI
394 2921 429 2975 98
450 2933 532 2991 sqq.:

326 3125 330 3133 ,
357 3069 500 3140 Turpidus
519 3069 566 3125 111
586 3070 679 3139 epulis
700 3044 785 3139 atque
806 3069 869 3125 albo
891 3076 989 3125 uentre
1010 3071 1126 3125 tonatur

356 3177 477 3231 Gutture
499 3174 673 3245 sumtureas
694 3176 768 3229 teate
787 3174 944 3231 exhalante
967 3175 1113 3246 mephites.

355 3280 412 3336 Sed
433 3289 539 3338 tremor
561 3284 638 3337 inter
660 3283 726 3337 aina
746 3281 830 3348 subit,
853 3283 1034 3352 calidumque
1055 3281 1187 3337 trientem

353 3389 475 3444 Excutit
493 3403 507 3441 e
529 3389 675 3453 manibus,
697 3389 797 3453 dentes
818 3402 959 3458 crepuere
980 3388 1081 3441 retecti
1101 3416 1144 3426 -
1165 3417 1221 3441 -.
1293 3399 1295 3402 ·

354 3492 431 3548 Hinc
456 3496 531 3561 1111111,
554 3495 707 3548 candelae:
731 3494 901 3563 tandemque
921 3494 1052 3549 beatulus
1064 3494 1127 3549 -atto

355 3599 530 3669 Compositus
549 3600 620 3653 tecto
640 3601 803 3669 crassisque
823 3601 932 3654 tutatus
954 3572 1072 3654 amomis

316 3720 325 3735 ··
352 3703 388 3758 In
406 3712 523 3774 portam
545 3706 655 3776 ripidas
676 3708 773 3761 eataes
793 3707 939 3761 extendit:
962 3711 998 3760 at
1019 3706 1123 3762 ittum

353 3809 531 3864 Hesterni
550 3813 672 3881 capite
694 3812 822 3869 incluto
844 3813 993 3868 subiere
1016 3795 1189 3878 Quirites.

201 3957 249 4014 De
282 3965 458 4016 tetrametro
493 3962 706 4037 anapaesticO,
737 3983 795 4042 quo
823 3961 900 4021 illud
929 3962 1131 4038 fragmentum
1156 3959 1318 4038 descripsi,

202 4060 263 4119 dixi
286 4084 316 4140 p.
341 4073 383 4126 61.

286 4198 473 4258 Luxuriosae
502 4201 583 4260 vitae
612 4201 710 4260 Varro
739 4222 821 4261 mare
849 4222 903 4261 suo
927 4203 1047 4281 pristini
1077 4204 1225 4281 temporis
1247 4205 1318 4263 sim*

198 4303 526 4384 plicitatemopponit:
1170 4297 1173 4301 ι
