2760 4890
523 338 779 387 conuersum.
882 316 885 322 ’
1151 327 1209 388 157

89 488 195 556 licavi.v
219 496 291 561 Nec
314 494 411 556 defuit
431 497 570 576 profecto
588 497 729 570 Varroni,
751 496 946 576 pristinorum
963 506 1129 575 temporum
1145 497 1209 556 lan·

92 600 216 675 datori‚·
241 604 370 663 materia
395 613 426 664 et
450 604 570 664 occasio
597 603 789 664 immodicam
812 601 995 663 aedificandi
1014 605 1209 681 magnificen-

92 709 170 766 tiam
198 716 230 767 et
259 707 443 787 opulentiam
464 712 705 788 perstringendi,
739 729 818 791 quae
841 710 983 769 extremis
1004 710 1209 790 reipublicae

91 814 252 873 Romanae
279 813 465 894 temporibus
492 815 524 875 in
553 816 801 877 consuetudinem
829 824 966 875 venerat.
1013 816 1059 876 cf.
1082 817 1209 877 Momm·

92 912 188 979 senus
211 919 511 1002 hist.R0m.111p.
535 934 596 986 504.
620 933 680 987 606.

180 1072 260 1135 XIV
276 1070 296 1151 (
323 1071 335 1151 )
364 1075 400 1133 Ut
419 1079 588 1135 hirundines
603 1081 633 1134 in
652 1079 755 1134 culinis
769 1078 847 1134 obliti
860 1078 919 1133 luto
933 1078 1043 1148 tepulas
1054 1077 1209 1149 stupebant.

180 1225 243 1285 XV
266 1222 325 1304 (Ὦ)
355 1230 391 1284 At
417 1232 446 1286 in
470 1233 610 1304 sepeliens
625 1237 693 1302 post
715 1245 833 1285 messem
856 1230 1024 1301 colluceant
1043 1235 1210 1297 stramento,

91 1335 146 1406 qui
166 1333 310 1405 domicilia
331 1337 465 1392 colerent.

181 1465 262 1527 XVI
285 1463 345 1546 (14)
368 1467 620 1548 Περιεχονταριαν
642 1452 712 1527 mibi
730 1470 824 1544 facies
845 1471 1036 1527 maeandrata
1060 1476 1087 1526 et
1109 1471 1210 1526 vermi·

91 1578 194 1633 calata
216 1583 304 1648 atque
323 1578 409 1632 etiam
431 1580 504 1635 adeo
520 1583 625 1651 pianes
646 1580 742 1636 orbem
765 1585 871 1636 terrae.

180 1708 277 1769 XVII
301 1707 360 1788 (16)
385 1702 584 1790 Λιθόστρωτα
601 1717 768 1788 pauimenta
788 1723 815 1771 et
833 1716 964 1786 parietes
985 1704 1168 1769 incrustator.

93 1861 252 1921 Admonet
272 1861 326 1922 srr.
343 1863 423 1924 XIV
440 1871 471 1923 et
483 1864 546 1927 XV
568 1844 664 1927 Varro
679 1866 800 1944 priscae
817 1862 1042 1923 consuetudinis
1058 1883 1120 1942 qua
1131 1862 1211 1921 sole-

93 1968 172 2029 bant
189 1967 405 2043 ‘hirundinum
415 1969 503 2029 nidos
519 1978 550 2029 et
567 1964 797 2047 aedificationes
812 1989 915 2028 earum
929 1969 1082 2027 imitantes
1096 1966 1135 2026 de
1147 1966 1210 2025 luto

96 2085 129 2135 et
141 2075 271 2153 virgulis
283 2075 388 2134 facere
403 2075 483 2150 loca,
499 2096 578 2156 quae
594 2076 751 2135 subirent'.
781 2077 858 2137 Sunt
873 2075 1005 2137 Vitruvii
1019 2072 1124 2146 verba,
1148 2073 1211 2152 qui-

95 2181 155 2241 bus
169 2182 258 2241 initia
279 2181 462 2242 aedificandi
476 2182 621 2242 describit
636 2185 670 2242 II
686 2195 710 2258 l,
729 2193 761 2244 2:
786 2203 802 2242 e
820 2183 903 2240 cuius
920 2179 1124 2260 disputatione
1139 2177 1213 2237 licet
1321 2226 1331 2253 ,

97 2289 346 2375 speciem'huius
368 2287 464 2347 omnis
486 2290 667 2348 narrationis
687 2289 897 2349 Varronianae
917 2288 1019 2367 animo
1037 2286 1212 2344 informare.

97 2395 147 2455 cf.
171 2415 252 2476 quae
271 2393 346 2454 ibid.
365 2392 419 2470 §3
441 2394 479 2454 de
500 2394 666 2474 parietibus
689 2395 777 2454 dicit:
793 2399 978 2469 primumque
995 2395 1091 2469 furcis
1112 2395 1216 2451 erectis

11 2490 14 2495 ¹
96 2509 125 2560 et
154 2504 275 2576 sireniis
300 2505 476 2576 interpositis
502 2505 561 2560 tuto
583 2505 715 2573 parietes
737 2509 884 2560 texerunt.
929 2487 984 2558 atii
1001 2504 1097 2558 luteas
1116 2500 1215 2574 alebas

97 2610 295 2685 arefacientes
321 2613 472 2668 struebant
489 2612 633 2682 parietes,
660 2612 782 2667 materia
804 2625 852 2666 eos
871 2611 1144 2682 iatequmcntantcs,
1174 2612 1213 2663 ui-
1275 2592 1277 2601 .

97 2718 243 2789 tendoque
264 2717 369 2772 imbres
390 2721 418 2772 et
439 2723 535 2772 aestus
557 2717 688 2789 tepebant
708 2717 920 2773 harundinibus
935 2724 962 2772 et
977 2714 1093 2787 fronde,
1115 2719 1146 2769 et
1162 2707 1181 2784 ἓ
1198 2722 1214 2773 5

96 2825 127 2879 in
158 2815 297 2896 Capitolio
321 2820 567 2893 commonefacere
588 2830 685 2894 potest
712 2831 739 2879 et
765 2823 930 2896 sipnificure
954 2838 1047 2878 mores
1069 2822 1217 2876 vetustatis

99 2929 218 2987 Romuli
237 2943 308 2985 casa
329 2935 357 2984 et
377 2929 407 2985 in
430 2943 499 2984 arce
518 2907 669 2985 sacrorum
688 2930 853 2985 stramentis
874 2933 958 2984 tectu.
1002 2925 1052 2983 Fr.
1072 2923 1151 2982 XIV
1173 2925 1216 2981 lai-

97 3039 239 3095 randines
259 3038 289 3092 in
310 3035 421 3104 culinis
436 3031 596 3111 praeclare
616 3032 748 3091 restituit
769 3032 915 3092 Rothins:
940 3032 971 3089 in
993 3027 1216 3107 exemplaribus

97 3141 194 3202 Nonii
207 3163 238 3222 p.
254 3150 315 3215 309,
334 3149 365 3201 15
386 3140 541 3196 hirundine
560 3141 710 3213 sinyulinis
727 3136 878 3211 scribitur,
902 3134 983 3216 quod
998 3133 1147 3214 quomodo
1163 3133 1216 3192 alii

98 3247 320 3326 attemptarint,
338 3265 399 3304 non
422 3245 531 3303 attinet
554 3264 707 3305 enarrare.
754 3246 870 3302 Culinos
889 3241 1006 3320 accipio
1029 3241 1060 3299 vi
1076 3238 1213 3315 vulgari:

56 3361 62 3367 ‘
97 3372 158 3413 nec
184 3351 326 3413 desidero
356 3352 527 3429 quaesitam
556 3349 683 3411 Oehleri
706 3349 955 3428 explicationem:
992 3347 1126 3406 ‘Suntne
1156 3345 1215 3403 hae

100 3458 221 3519 culinae
241 3441 409 3536 pauperum
430 3456 486 3515 illa
505 3457 663 3536 sepulcra,
694 3456 732 3516 de
755 3455 864 3536 quibus
886 3455 1033 3531 Aggenus
1057 3451 1215 3511 Commen-

98 3574 158 3625 tar.
183 3565 215 3623 in
236 3563 374 3631 Frontin.
399 3562 438 3622 de
460 3563 562 3622 Limit.
582 3565 692 3640 Agrar.
714 3585 744 3642 p.
759 3572 794 3625 60
816 3560 864 3620 ed.
888 3559 987 3618 Goes:
1010 3567 1077 3617 suut
1100 3561 1130 3615 in
1150 3561 1216 3616 sub-

98 3673 232 3743 urbanis,
257 3671 320 3726 loca
355 3672 472 3744 publica
507 3675 623 3744 inopiam
659 3674 802 3728 destinata
838 3669 1008 3742 funeribus,
1044 3682 1118 3740 quae
1154 3668 1217 3722 loca

99 3779 214 3833 culinas
240 3777 430 3847 appellanee’
474 3776 523 3834 De
553 3774 660 3854 quibus
687 3774 787 3833 afferri
809 3781 930 3851 poterat
950 3770 1055 3848 glossa
1078 3791 1095 3830 e
1118 3768 1216 3830 Panlo

98 3882 273 3941 breviatore
301 3883 388 3941 Festi
415 3903 445 3960 p.
475 3891 508 3945 65
530 3882 576 3940 M:
604 3885 701 3939 culino
729 3891 848 3939 nocetur
871 3883 963 3948 locus,
989 3883 1094 3953 inquo
1115 3882 1218 3952 epulae

98 3990 258 4064 insumere
282 3990 497 4047 comburuntur.
544 3986 593 4046 Of.
623 3985 762 4063 Scaliger
781 3989 812 4063 in
836 3985 994 4045 catalectis
1016 3995 1130 4065 pm.
1166 3986 1217 4044 Fr.

99 4096 161 4155 XV
190 4094 312 4155 obtineo
341 4099 405 4168 qui,
433 4114 487 4173 pro
517 4097 619 4169 quibus
647 4094 698 4151 vel
726 4099 803 4168 quis,
833 4093 872 4153 ad
897 4100 1055 4150 stramenta
1078 4090 1216 4149 relatum.

99 4203 138 4261 In
166 4201 254 4262 libris
281 4221 312 4280 p.
335 4209 400 4272 251,
429 4211 464 4263 30
491 4203 558 4259 non'
581 4201 734 4272 variatur,
764 4200 822 4257 nisi
845 4198 926 4277 quod
950 4203 1089 4272 quisine.
1112 4197 1216 4267 Fabri,

98 4328 155 4383 quo
177 4309 345 4367 Beruensis
368 4305 502 4366 exhibet.
