2760 4890
498 303 753 387 conruoranua.
1123 326 1179 385 107

65 500 173 572 sciam,
195 500 341 559 intentius
364 500 478 576 attigit:
501 519 559 556 nec
579 518 725 578 prospere
748 498 840 556 cessit
862 496 1044 555 emendandi
1062 498 1181 576 pericu·

64 606 128 664 lum
152 603 302 665 Oshlero:
330 610 391 666 atas
417 611 577 682 stelliperas
603 608 728 663 aetheris
749 608 901 677 acpticaas
923 609 991 661 ac're
1015 623 1084 662 cauo
1106 608 1181 661 roni-

65 723 124 771 tam
141 715 237 771 emisit
257 717 409 772 coturnix:
431 733 510 792 quae
532 711 681 793 quomodo
701 709 837 786 intellegi
853 710 944 782 velit,
966 711 1085 787 legatur
1101 710 1183 788 apud

66 821 175 898 ipsum.
221 819 343 879 Infelici
372 827 475 905 autem
505 816 710 878 emendationi
735 836 803 875 cum
830 818 968 876 Kochius
996 816 1181 889 adhaeserit,

67 946 105 985 ne
132 928 203 1003 ipse
231 924 353 1007 quidem
380 926 542 1005 quicquam
569 921 726 1002 probabile
756 925 942 999 excogitavit
968 927 999 983 in
1029 945 1129 984 exerc.
1151 946 1180 1004 p.

67 1041 110 1093 30.
156 1032 265 1092 Voluit
291 1039 393 1092 autem
421 1039 582 1111 exceptum
604 1052 623 1090 a
644 1030 779 1110 pedestri
801 1051 939 1090 sermone
960 1033 1180 1110 septenarium:

220 1184 353 1243 Ac'tlreris
374 1185 435 1244 vids
456 1170 616 1260 stelligeras
634 1185 787 1260 duplicans
808 1203 878 1242 cavo
902 1185 970 1241 ctare

109 1295 236 1361 sonitum
257 1293 322 1348 eicit
343 1293 489 1348 coturnix.

69 1428 175 1520 Longe
197 1441 377 1523 prudentius
395 1442 427 1501 in
451 1462 486 1501 eo
507 1442 677 1519 fragmento
700 1443 857 1521 Roeperus
880 1441 1059 1515 elaboravit,
1083 1443 1183 1522 quiet

69 1548 196 1627 probam
216 1549 399 1607 sententiam
419 1549 551 1608 restituit
573 1555 604 1607 et
620 1547 789 1627 dactylicos
810 1569 952 1608 numeros
976 1549 1112 1626 agnovit:

275 1746 281 1759 .
305 1747 310 1759 .
335 1747 341 1760 .
367 1701 504 1781 [perque]
529 1706 590 1761 uias
613 1704 736 1759 aetheri'
760 1706 920 1776 stelligeras

222 1810 362 1882 Explicat
382 1827 451 1867 aare
468 1829 538 1868 cauo
559 1812 681 1868 sonitum
704 1810 750 1867 lu'c
773 1815 959 1866 nocturnae.
985 1854 989 1864 .
1017 1854 1022 1865 .

72 1961 216 2041 Suppleri
238 1970 269 2020 et
283 1980 405 2019 versum
427 1968 457 2020 et
479 1961 667 2021 enuntiatum
682 1981 773 2040 posse
789 1959 840 2018 vcl
863 1961 922 2018 sic:
941 1952 1096 2035 κεραύλης,
1116 1959 1182 2016 vel:

71 2070 103 2124 ab
121 2083 192 2123 arce
210 2068 382 2125 Excubitor.
422 2068 523 2127 Unum
546 2081 602 2141 est,
626 2067 664 2127 de
689 2088 748 2147 quc
775 2085 863 2124 secus
887 2067 1000 2124 sentio:
1033 2086 1092 2123 non
1116 2085 1183 2123 esse

71 2173 127 2231 hoc
155 2172 324 2247 distichon,
353 2174 408 2233 sed
435 2175 611 2234 hexametro
636 2175 788 2254 praemitti
811 2173 893 2232 aliud
913 2192 1009 2249 genus
1031 2192 1184 2230 versuum.

73 2280 148 2339 Cum
175 2280 257 2340 enim
283 2301 323 2339 ne
353 2280 412 2339 hoc
440 2279 563 2360 quidem
592 2302 610 2338 a
640 2264 777 2339 Varrone
806 2280 937 2337 alienum
963 2277 1120 2346 videatur,
1154 2277 1184 2333 in

72 2384 180 2445 eadem
211 2386 381 2445 sententiae
416 2385 685 2465 comprehensione
710 2394 805 2444 metra
828 2384 951 2444 diversa
973 2383 1184 2460 conglutinari,

71 2493 173 2552 malim
192 2501 314 2552 servato
336 2491 497 2552 verborum
516 2492 620 2551 ordine
642 2493 799 2571 superiora
818 2493 861 2549 ita
883 2490 1013 2549 dimetiri
1056 2556 1061 2566 ι

429 2634 490 2691 uias
510 2637 672 2708 stelliperas
693 2635 818 2690 aetheris

72 2794 103 2844 ut
122 2787 176 2846 vel
197 2787 363 2865 septenarii
386 2787 485 2845 exitus
503 2788 550 2845 sit.
584 2785 729 2844 Consulto
753 2785 811 2843 hoc
833 2784 924 2842 valde
947 2784 1082 2841 lacerum
1105 2783 1185 2858 frag-

72 2901 206 2952 mentum
226 2892 316 2971 posui
337 2892 368 2949 in
390 2892 517 2950 confinio
540 2894 661 2951 illarum
684 2893 888 2971 reliquiarum,
911 2910 989 2970 quae
1010 2909 1126 2946 errores
1150 2909 1186 2946 ac

72 2999 350 3078 peregrinationem
368 2999 513 3071 referunt,
538 3008 568 3057 et
589 2999 704 3072 harum,
726 3018 802 3077 quas
820 2997 964 3074 deinceps
981 2997 1099 3074 scripsi,
1123 2997 1185 3074 qui·
1258 3010 1267 3025 ¹

72 3106 128 3165 bus
156 3107 274 3165 animus
292 3104 402 3163 subito
431 3125 449 3162 a
476 3104 592 3163 reditus
622 3095 845 3164 calamitatibus
869 3104 908 3163 ad
929 3103 1055 3162 militem
1077 3123 1113 3160 ac
1135 3104 1186 3160 mi-

73 3212 169 3272 litiam
195 3212 365 3271 Romanam
386 3210 564 3269 advertitur.

157 3374 175 3428 6
225 3358 386 3436 Antequam
409 3366 509 3420 nrilitiu
532 3367 667 3421 siclaetus
689 3367 797 3437 aliquot
818 3366 904 3419 aunis
926 3370 998 3419 crat.

157 3509 176 3561 2
224 3500 262 3557 Ia
278 3494 390 3557 'castris
409 3503 573 3572 permansi:
599 3503 664 3557 iuda
685 3501 827 3557 caballum
847 3501 955 3555 redimi
976 3501 1014 3553 cul
1032 3513 1187 3553 cerasorum.

158 3646 177 3699 3
227 3636 332 3709 Itaque
358 3642 416 3692 tum
444 3652 524 3693 ecum
547 3640 708 3695 mordacem
733 3639 916 3693 calcitronem
936 3636 1086 3692 horridam
1111 3635 1189 3688 miles

227 3761 262 3800 ac
284 3745 328 3800 uir
349 3761 407 3800 aaa
430 3744 544 3800 uitabat.

158 3880 311 3949 aarum
346 3886 444 3935 emunt
469 3881 587 3936 trossuli
613 3880 705 3935 acardo
734 3879 817 3934 nitidi
848 3879 929 3949 culpo
962 3878 1053 3932 Attico
1083 3877 1188 3931 talenta
1253 3943 1258 3951 η

227 4001 316 4041 ecum.

74 4120 125 4178 Fr.
147 4127 165 4181 6
184 4138 252 4177 cum
272 4118 304 4177 in
325 4116 410 4177 libris
429 4138 459 4197 p.
475 4125 537 4189 401,
555 4127 587 4178 12
611 4118 650 4176 sit
671 4121 760 4191 mitia,
783 4119 940 4177 Mercerus
965 4118 1041 4176 scite
1056 4118 1190 4194 reposuit

75 4228 191 4284 militia:
219 4243 310 4304 quam
336 4231 438 4281 tamen
465 4243 572 4301 parum
592 4224 693 4282 lenem
716 4224 933 4281 correctionem
956 4223 1114 4300 Roeperus
1137 4221 1188 4279 ha-

74 4329 155 4391 buit:
193 4328 277 4389 dicat
298 4329 378 4389 unde
401 4337 498 4389 ortum
524 4336 611 4407 putet
630 4329 715 4387 velut
734 4328 792 4386 hoc
814 4328 895 4407 quod
915 4328 996 4405 apud
1012 4328 1188 4387 Ciceronem
