2760 4890
570 330 827 379 consecrarunt.
1160 321 1174 339 ⁸
1199 323 1257 384 135

144 502 215 552 cest
235 493 268 551 in
288 489 439 551 adolando
463 488 569 549 libello
588 491 707 549 Musam
726 490 908 570 apprecari?
938 490 1039 551 Verbo
1056 491 1154 550 dicam
1168 514 1258 572 posse

141 596 220 656 haec
247 596 350 678 aliquo
374 596 463 656 modo
492 597 600 658 referri
624 597 663 655 ad
683 617 735 669 ea,
766 616 845 677 quae
871 595 907 654 de
928 594 1015 654 Echo
1036 597 1067 656 in
1088 605 1259 665 Sassuronxa

135 703 271 788 conieci.
316 702 449 760 Tantum
478 701 517 761 de
546 702 606 760 illis
637 702 830 778 fragmentis,
859 722 937 782 quae
962 705 1148 780 prooemium
1173 715 1203 765 et
1226 708 1256 765 in

138 800 303 888 prooemiis
326 809 391 867 fieri
413 807 533 866 solitam
554 807 680 866 deorum
701 810 925 869 invocationem
945 817 1081 886 tangunt.

225 916 284 975 His
307 935 385 995 quae
409 914 554 994 deinceps
581 915 730 996 adscripsi
754 916 793 975 ad
816 915 908 974 alium
931 916 1149 975 sententiarum
1171 926 1254 978 teno-

137 1042 214 1096 rem,
238 1022 291 1103 qui
313 1021 371 1080 fuit
389 1020 426 1080 de
449 1042 506 1080 usu
527 1029 689 1100 troporum,
715 1022 900 1082 deducimur.
933 1059 936 1064 ι

224 1158 272 1217 IV
295 1155 354 1236 (21)
380 1159 450 1216 Ideo
469 1122 544 1232 supa
566 1160 687 1218 bostium
705 1177 810 1233 praece
834 1166 953 1217 vocatur
971 1148 1066 1233 τροπή
1073 1183 1082 1216 .-
1103 1161 1170 1218 binc
1191 1179 1256 1236 spo-

136 1268 177 1322 tia
199 1274 288 1339 copta
304 1267 370 1338 fixa
390 1267 421 1322 in
442 1268 585 1338 stipitibus
607 1268 792 1338 appellantur
814 1256 949 1339 τρόπαια.

225 1401 254 1459 V
275 1397 335 1479 (23)
358 1369 543 1477 Karoippqorg
564 1404 700 1457 ostentm
723 1418 801 1467 aero,
825 1419 890 1457 cum
912 1405 941 1458 ia
961 1405 1135 1461 oorrdelabro
1148 1409 1256 1477 pendet

135 1511 256 1583 stripile.

222 1642 270 1703 VI
291 1640 350 1722 (11)
379 1645 414 1702 Ut
435 1662 537 1701 novum
560 1644 687 1699 cribrum
710 1659 781 1698 novo
798 1644 911 1712 pusillo
927 1646 1063 1714 persolbat.

136 1781 231 1840 Suam
247 1779 285 1838 de
302 1781 396 1858 tropis
412 1778 657 1857 disputationem,
679 1777 763 1834 cuius
783 1778 975 1836 occasionem
993 1779 1137 1854 indicavi,
1156 1783 1253 1841 Varro

135 1895 170 1945 ut
190 1887 419 1964 grammaticum
442 1883 572 1943 decebat
595 1882 633 1941 ab
654 1878 856 1960 explicatione
874 1887 958 1944 vocis
973 1886 1146 1965 inchoabat,
1168 1891 1252 1950 cuius

52 2008 54 2013 ’
135 1995 199 2055 uim
221 2000 252 2051 et
275 1993 422 2070 originem
443 1988 590 2049 similibus
612 2010 630 2047 a
646 1984 762 2066 τρέπειν
780 1987 918 2048 deductis
936 1991 1093 2051 vocabulis
1110 1994 1251 2055 illustrat.
1311 2020 1318 2035 1

135 2102 184 2183 Ut
201 2119 363 2178 perperam
389 2096 512 2177 quidam
540 2096 688 2173 tropaeis,
718 2116 797 2175 quae
827 2094 867 2153 ibi
893 2095 1047 2170 dicuntur,
1077 2099 1115 2157 ad
1138 2102 1250 2178 signifi-

134 2205 267 2265 candum
289 2191 499 2280 argumentum
520 2208 640 2258 saturae
662 2202 709 2259 usi
732 2202 799 2259 sint.
830 2204 881 2261 Fr.
902 2217 917 2265 5
940 2209 1049 2279 arripite
1069 2206 1168 2266 scribo
1188 2209 1250 2268 No-

134 2314 196 2387 nii,
222 2333 284 2372 non
312 2312 376 2370 eius
398 2308 588 2368 librariorum
612 2309 809 2366 auctoritate:
839 2309 886 2367 his
918 2311 1013 2384 enim,
1040 2314 1143 2391 quiin
1166 2316 1249 2373 testi-

132 2420 235 2479 monio
258 2418 403 2479 Varronis
430 2419 550 2490 stripib's
578 2412 737 2485 exhibent,
766 2423 870 2474 contra
893 2416 965 2475 dicit
988 2417 1120 2489 Nonius,
1151 2436 1274 2497 aquo·

133 2529 212 2586 haec
230 2514 427 2587 Varronianis
450 2520 681 2601 praemittantur
702 2539 731 2597 p.
755 2529 815 2592 223,
833 2533 863 2583 5:
887 2524 1042 2598 ‘striyilim’
1065 2528 1249 2599 crucifertum

109 2642 175 2696 ‚est
197 2651 259 2692 csse
279 2634 394 2708 pencris
405 2629 548 2703 feminini.
579 2630 676 2683 11111111
696 2629 790 2684 Varro
814 2631 962 2701 Vimcrco:
983 2621 1159 2706 κατάχρησις
1174 2651 1200 2690 1.
1219 2652 1247 2711 q.

132 2761 159 2801 s.
197 2742 328 2814 1111911111
351 2746 452 2797 autem
468 2753 559 2815 quam
573 2736 710 2807 1111911111
727 2735 915 2812 frequentius
934 2736 994 2795 dici
1010 2738 1109 2796 Nonio
1124 2746 1248 2797 auctore

131 2846 212 2904 falso
234 2844 327 2903 tradit
340 2841 572 2902 Ruddimannus
594 2839 664 2896 inst.
681 2857 805 2914 gramm.
820 2843 970 2905 178111.
987 2853 1030 2908 57.
1064 2848 1090 2900 si
1104 2864 1159 2922 pro
1175 2864 1248 2912 cum,

132 2953 215 3034 quod
237 2955 269 3012 in
290 2950 415 3012 Oehleri
440 2946 572 3006 editione
596 2944 716 3021 legitur,
741 2966 824 3005 error
847 2957 893 3007 est
916 2949 1049 3009 editoris.
1096 2943 1247 3027 Κατᾶχρη-

131 3075 178 3130 σις
203 3059 309 3140 quavi
324 3053 504 3135 accipienda
519 3060 610 3124 esset,
634 3060 704 3111 ante
722 3052 865 3116 indicavi.
894 3057 1012 3135 Lepide
1030 3067 1131 3116 autem
1145 3079 1249 3119 veram

60 3204 76 3224 .
131 3157 338 3243 satagerimus
364 3162 499 3221 indolem
527 3158 680 3239 pendente
700 3160 738 3239 in
765 3163 949 3223 candelabro
973 3165 1083 3241 strigili
1104 3165 1247 3238 illustrat,

132 3274 218 3331 cuius
245 3291 333 3331 usum
357 3271 390 3327 in
416 3268 534 3328 balneis
564 3286 632 3327 esse
659 3287 751 3341 nemo,
778 3270 885 3329 nescit.
932 3270 995 3330 Sed
1018 3271 1097 3329 haec
1126 3293 1246 3353 quoque

130 3375 331 3458 repellendae
361 3364 563 3449 criminationi
595 3375 745 3432 inservire
778 3375 846 3453 ipsa
878 3378 1030 3435 sententia
1064 3377 1246 3452 subindicat,

131 3485 180 3543 cui
209 3481 388 3541 adhaesisse
416 3481 518 3559 aliquo
546 3479 634 3538 modo
657 3480 694 3539 fr.
718 3481 764 3541 VI
789 3481 942 3559 suspicor:
971 3483 1083 3563 inquo
1107 3504 1185 3564 quae
1208 3484 1245 3544 de

131 3589 230 3648 cribro
259 3597 290 3648 et
318 3587 431 3667 paxillo
458 3606 537 3644 novo
564 3585 719 3660 dicuntur,
749 3584 785 3645 ea
808 3608 928 3668 quoque
950 3588 1092 3650 videntur
1115 3594 1246 3670 exempli

127 3695 231 3754 vicem
253 3693 400 3753 obtinere.
444 3692 577 3770 Nempe,
600 3702 634 3751 ut
657 3694 777 3773 planius
800 3694 915 3787 dicam,
933 3717 1031 3775 *quem
1053 3700 1118 3756 fere
1142 3704 1244 3756 eorum

131 3820 280 3860 conexum
307 3800 604 3874 fuisse'coniiciam,
633 3811 726 3878 negat
744 3803 842 3860 Varro
866 3789 1082 3880 reprehensam
1103 3826 1121 3862 a
1142 3805 1246 3863 nescio

129 3902 191 3989 quo
226 3907 257 3965 in
290 3927 344 3966 suo
378 3907 481 3986 aliquo
515 3909 661 3985 opusculo
696 3898 876 3988 κατάχρησιν
907 3931 981 3970 vcro
1016 3914 1138 3973 nomine
1173 3912 1243 3983 dici,

118 4012 253 4092 ,quando
285 4033 345 4071 non
374 4012 506 4071 alienum
535 4016 579 4072 rei
600 4016 700 4075 locum
720 4017 772 4075 vel
792 4036 915 4075 sensum
936 4020 1005 4077 voci
1029 4018 1183 4090 tribuerit,
1212 4026 1244 4075 ut

130 4119 182 4198 qui
205 4119 353 4195 strigilem
376 4119 407 4176 in
432 4118 616 4180 candelabro
641 4121 817 4201 suspendat,
840 4124 928 4182 immo
952 4146 985 4184 se
1008 4145 1106 4183 novae
1126 4125 1171 4183 rei
1190 4145 1242 4182 no·

129 4244 200 4283 vam
222 4226 350 4283 formam
366 4225 565 4304 quaesivisse,
588 4227 843 4307 quemadmodum
863 4249 968 4289 curare
984 4250 1096 4288 novum
1113 4229 1242 4288 cribrum

62 4326 66 4335 '
129 4338 163 4388 ut
186 4350 267 4389 novo
295 4331 409 4422 paxillo
433 4332 567 4410 pendeat
594 4335 738 4394 assolent.
784 4334 895 4414 Neque
920 4336 998 4423 enim
1023 4337 1137 4396 locutio
1163 4356 1241 4416 quae
