2760 4890
556 347 811 397 ΟΟΝῙΕΟΤΑΝΕΑ.

222 535 225 540 -
277 507 380 581 serens
401 523 529 564 securem
549 508 669 564 bumero'
691 509 838 580 bipennem
863 507 1004 579 ferreum,

131 671 162 720 et
189 658 270 738 quod
295 659 395 717 statim
418 656 572 734 subiungit
595 658 731 717 eiusdem
753 667 874 717 saturae
898 658 935 719 fr.
959 667 990 722 9:
1020 677 1091 716 coco
1107 658 1191 731 fonte
1216 665 1248 714 ut

130 787 193 826 cum
215 770 350 840 inrigavit
371 773 473 823 cucata
496 771 611 824 curium
633 767 772 840 anfracta
791 771 821 823 in
841 771 941 824 siluam
964 780 1069 823 siccans
1093 764 1166 820 ‘non
1190 761 1247 821 du-

130 874 216 947 bitat,
239 874 312 953 quin
334 872 430 929 eiecto
455 879 486 928 ut
508 872 550 928 ita
571 869 830 949 transponendum
852 872 906 929 sit:

284 1026 357 1083 davo
378 1032 481 1082 cacata
498 1025 580 1097 fc'nte
595 1013 666 1081 'cum
688 1022 823 1095 inrigavit
845 1024 984 1096 anfracta
1004 1024 1143 1080 adrium?

130 1180 201 1240 Non
225 1197 320 1254 nego,
349 1177 375 1234 si
400 1176 473 1234 licet
497 1176 539 1232 ita
566 1175 598 1233 in
623 1182 777 1234 truncatas
800 1174 946 1254 reliquias
974 1176 1123 1252 grassari,
1154 1173 1249 1232 facile

132 1287 247 1359 omnia,
277 1302 355 1363 quae
384 1300 401 1340 1
424 1279 533 1339 saturis
556 1281 736 1353 afferuntur,
760 1287 791 1338 et
811 1282 906 1339 multo
927 1283 1017 1340 etiam
1038 1281 1128 1361 plura
1156 1299 1249 1358 posse

131 1392 235 1450 metris
272 1408 311 1469 ac
333 1386 471 1447 versibus
497 1384 645 1446 describi:
683 1385 803 1444 illorum
828 1407 908 1465 quae
941 1407 1034 1466 supra
1064 1386 1152 1464 posui
1178 1405 1249 1463 par-

131 1509 194 1557 tem
217 1515 338 1557 essere
360 1512 436 1552 vera
454 1513 571 1566 versus,
594 1500 625 1550 et
646 1511 706 1571 quo
729 1492 818 1551 modo
843 1491 982 1551 distribui
1005 1492 1149 1565 debeant,
1174 1489 1249 1550 alibi

133 1601 302 1662 ostendam.
348 1599 411 1659 Sed
442 1619 508 1658 eam
540 1599 694 1658 licentiam
725 1597 827 1656 dubito
862 1618 933 1657 num
959 1598 1024 1658 ulla
1048 1598 1147 1677 possit
1170 1599 1250 1677 ratio

134 1711 223 1769 tueri.
260 1708 338 1766 Nam
362 1705 443 1783 quod
465 1706 612 1784 Nonium,
636 1708 684 1765 cui
706 1707 894 1791 potissimam
909 1714 1027 1783 partem
1042 1705 1151 1763 horum
1167 1703 1250 1779 frag-

134 1824 302 1875 mentorum
329 1811 489 1886 debemus,
518 1795 602 1871 omni·
626 1831 739 1890 genere
761 1811 952 1890 corruptelae
974 1811 1165 1889 inquinatum
1187 1811 1250 1868 iac-

134 1929 209 1994 tant,
231 1921 288 1978 hoc
310 1927 344 1977 ut
365 1939 469 1978 omnes
492 1921 646 1993 novimus,
670 1921 714 1978 ita
733 1940 794 1979 nou
813 1926 930 1978 tantum
952 1917 1056 1976 valere
1080 1915 1195 1989 debet„
1219 1922 1252 1972 ut

136 2028 226 2086 etiam
257 2045 335 2106 quae
363 2045 402 2084 ne
427 2028 561 2105 speciem
589 2026 711 2106 quidem
740 2024 965 2103 depravationis
987 2043 1061 2103 prae
1083 2041 1117 2080 se
1140 2021 1251 2093 ferant,

136 2153 174 2193 ex
197 2132 319 2192 arbitrio
341 2140 571 2191 contrectemus.
601 2131 678 2191 Cum
701 2133 780 2190 enim
802 2130 882 2190 absit
902 2129 1047 2189 disertum
1071 2127 1109 2187 de
1132 2119 1251 2206 Menip-

65 2313 67 2316 Α
119 2259 261 2319 -pearum
284 2239 381 2297 forma
403 2238 608 2298 testimoninm
632 2235 728 2315 (certe
752 2237 856 2310 locus,
879 2237 969 2296 modo
991 2237 1183 2313 incorruptus
1202 2234 1251 2305 sit,

138 2345 317 2424 Quintiliani
330 2345 363 2403 X
374 2355 400 2418 1,
414 2353 448 2407 95
468 2343 645 2438 dissuadeat
660 2345 757 2421 magis
772 2364 862 2424 quam
875 2341 1067 2402 commendet
1079 2341 1253 2420 opinionem

137 2453 299 2533 Roeperi),
318 2460 464 2510 ‘nostrum
487 2457 572 2536 este
594 2450 730 2531 reliquiis
752 2449 880 2525 discere,
906 2450 979 2530 quid
991 2448 1123 2511 Varroni
1139 2449 1171 2506 in
1192 2448 1252 2505 hoc

137 2577 249 2636 genere
275 2557 444 2616 litterarum
470 2553 630 2633 probatum
659 2557 758 2616 fuerit.
777 2556 883 2616 ‘Nolo
905 2556 982 2616 haec
1005 2574 1087 2615 nunc
1109 2556 1254 2635 persequi

138 2664 274 2741 longius:
296 2663 386 2720 immo
403 2680 459 2740 per
481 2668 614 2719 saturam
629 2682 741 2742 ponam
764 2662 938 2741 aRoepero
953 2670 1084 2721 tractata
1100 2661 1253 2741 exempla,

137 2780 171 2830 ut
189 2771 240 2830 vel
262 2770 347 2829 1111111
366 2788 434 2827 esse
457 2767 499 2827 ibi
518 2776 625 2843 metra,
644 2769 696 2828 ubi
715 2770 768 2828 ille
790 2769 925 2848 putavit,
948 2767 999 2827 vel
1021 2788 1082 2827 non
1104 2787 1151 2841 ea,
1175 2786 1254 2846 quae

139 2878 167 2935 ei
182 2877 332 2948 visasint,
357 2875 530 2934 ostendam:
555 2895 670 2934 sumam
686 2883 785 2933 autem
800 2893 847 2947 ea,
864 2893 990 2953 quorum
1006 2875 1090 2933 nulla
1107 2876 1139 2932 in
1151 2882 1253 2953 poste·
1299 2913 1304 2923 -

138 2980 267 3042 rioribus
289 2981 400 3040 mentio
423 2983 495 3041 erit:
519 2980 579 3040 alia
598 2980 704 3042 licebit
725 2979 797 3039 data
812 2980 973 3040 occasione
987 2981 1205 3059 perstringere.

222 3089 331 3166 Itaque
348 3089 449 3146 statim
471 3088 535 3146 eius
551 3097 683 3161 saturae,
708 3106 786 3167 qnae
801 3087 899 3166 prima
915 3095 961 3145 est
975 3087 1058 3166 apud
1075 3086 1254 3162 Oehlerum,

140 3203 304 3251 Asorrcmuu
328 3194 364 3253 fr.
384 3205 401 3256 4
427 3197 530 3269 Itaque
556 3198 636 3253 breui
662 3203 789 3268 tempore
810 3213 916 3268 mayoc
935 3212 1011 3267 pars
1030 3199 1060 3252 in
1082 3198 1256 3254 desiderium

43 3358 49 3368 ,
137 3321 285 3377 paparum
313 3308 340 3358 et
367 3305 525 3375 sigillorum
552 3303 681 3360 ueniebat
719 3297 776 3377 (sic
806 3301 884 3358 enirn
914 3300 1033 3360 Nonius
1063 3320 1093 3378 p.
1117 3310 1185 3374 156,
1211 3301 1255 3380 19)

140 3410 308 3488 Roeperus,
331 3427 390 3487 quo
411 3428 518 3466 versus
542 3399 709 3487 prodirent,
732 3406 763 3463 in
784 3406 863 3464 hunc
882 3406 1002 3465 modum
1026 3407 1225 3468 deformavit:

292 3589 485 3608 .......
509 3546 609 3618 itoqae'
628 3547 708 3602 brevi
726 3561 831 3616 magna
854 3543 982 3617 tc'mpore

290 3651 368 3709 Pc'rs
389 3655 419 3709 in
440 3651 614 3710 desiderium
634 3667 781 3723 paparum
803 3652 831 3707 e't
851 3653 1008 3726 suillorum
1029 3657 1113 3711 uenit.

141 3785 206 3844 vel:
243 3789 323 3844 breui
353 3790 450 3861 itaque
482 3805 586 3861 mcpnc
620 3793 755 3857 tempore.
811 3785 930 3845 Neutra
963 3783 1124 3847 collocatio
1158 3791 1210 3849 vel
1241 3813 1259 3850 1

142 3899 236 3950 metro
276 3900 420 3950 vennae:
462 3893 596 3952 insuavis
638 3892 717 3950 enim
756 3892 809 3951 ille
847 3892 1049 3953 tribrachicae
1087 3898 1174 3956 vocis
1207 3919 1257 3957 ac-

143 4006 248 4057 centus
278 3999 390 4071 itaqud:
419 3999 504 4057 curius
527 4015 600 4057 usus
629 3996 738 4078 quibus
760 3997 869 4057 finibus
893 4000 924 4057 in
946 4007 1011 4058 arte
1033 4001 1177 4062 Plautina
1200 4007 1257 4063 cir-

131 4106 343 4201 cumscriptus
366 4104 471 4176 fuerit,
501 4104 687 4163 Ritschelius
711 4105 801 4164 docet
824 4092 854 4164 iri
876 4106 1100 4184 prolegomenis
1126 4109 1165 4169 ad
1188 4112 1258 4170 Tri-

142 4231 294 4270 nummum
321 4232 351 4290 p.
379 4228 497 4270 ccxxv:
532 4211 628 4271 altera
654 4214 794 4271 formatio
823 4213 962 4271 vitiosam
989 4213 1144 4274 iambicae
1172 4220 1259 4277 vocis

143 4317 300 4376 elisionem
322 4317 428 4388 infert,
459 4316 578 4396 deque
601 4318 663 4376 dixi
684 4340 713 4397 p.
736 4328 780 4381 25.
825 4319 887 4378 Sed
910 4338 1027 4396 egone
1052 4321 1259 4401 adstipulante
